[{"image": "38064.png", "conversations": [{"from": "user", "value": "Look at the table. Then answer the question. At a price of $1,735, is there a shortage or a surplus?\nOptions:\n(A) shortage\n(B) surplus\nFirst generate a step-by-step solution, then answer with the option\u2019s letter from the given choices directly."}, {"from": "assistant", "value": "Solution:\n1. At a price of $1,735, the quantity demanded is 11,900.\n2. The quantity supplied at the same price is 13,600.\n3. Since the quantity supplied (13,600) is greater than the quantity demanded (11,900), there is a surplus.\nAnswer: B"}]}, {"image": "35883.png", "conversations": [{"from": "user", "value": "A pretzel stand owner kept track of the number of pretzels sold during the past 4 days. On which day did the stand sell the fewest pretzels?\nOptions:\n(A) Tuesday\n(B) Wednesday\n(C) Thursday\n(D) Friday\nFirst generate a step-by-step solution, then answer with the option\u2019s letter from the given choices directly."}, {"from": "assistant", "value": "Solution:\n1. The number of pretzels sold each day is as follows:\n   - Tuesday: 441\n   - Wednesday: 474\n   - Thursday: 471\n   - Friday: 418\n2. The fewest pretzels were sold on Friday with 418 pretzels.\n\nAnswer: D"}]}, {"image": "19903.png", "conversations": [{"from": "user", "value": "Some pizza restaurants compared their pizza sales. What is the median of the numbers?\nFirst generate a step-by-step solution, then answer the question using a single word or phrase."}, {"from": "assistant", "value": "Solution:\n1. List the numbers in ascending order: 72, 72, 74, 74, 77.\n2. The third number is the median, which is 74.\nAnswer: 74"}]}, {"image": "17370.png", "conversations": [{"from": "user", "value": "An author kept a log of how many pages he wrote in the past 4 days. On which day did the author write the most?\nOptions:\n(A) Sunday\n(B) Monday\n(C) Tuesday\n(D) Wednesday\nFirst generate a step-by-step solution, then answer with the option\u2019s letter from the given choices directly."}, {"from": "assistant", "value": "Solution:\n1. Compare the number of pages written each day:\n   - Sunday: 39 pages\n   - Monday: 31 pages\n   - Tuesday: 32 pages\n   - Wednesday: 35 pages\n2. The highest number is 39 pages on Sunday.\nAnswer: A"}]}, {"image": "14663.png", "conversations": [{"from": "user", "value": "This morning, Mr. Cline released the scores from last week's spelling test. How many students scored exactly 41 points? (Unit: students)\nFirst generate a step-by-step solution, then answer the question using a single word or phrase."}, {"from": "assistant", "value": "Solution:\n1. Locate the stem \"4\" for scores in the 40s.\n2. Check the leaf values for \"1\" under the stem \"4\".\n3. The leaf \"1\" appears three times, indicating three students scored 41 points.\nAnswer: 3"}]}, {"image": "4890.png", "conversations": [{"from": "user", "value": "While working as a summer camp counselor, Rodrigo monitored how many candy necklaces each child made. How many children are there in all?\nFirst generate a step-by-step solution, then answer the question using a single word or phrase."}, {"from": "assistant", "value": "Solution:\n1. Add the frequencies: 16 (0 necklaces) + 6 (1 necklace) + 19 (2 necklaces) + 0 (3 necklaces) + 18 (4 necklaces) + 1 (5 necklaces) + 13 (6 necklaces).\n2. Total = 16 + 6 + 19 + 0 + 18 + 1 + 13 = 73.\nAnswer: 73"}]}, {"image": "34207.png", "conversations": [{"from": "user", "value": "The table shows a function. Is the function linear or nonlinear?\nOptions:\n(A) linear\n(B) nonlinear\nFirst generate a step-by-step solution, then answer with the option\u2019s letter from the given choices directly."}, {"from": "assistant", "value": "Solution:\n1. Calculate the differences in \\( x \\): \\( 5 - 4 = 1 \\) and \\( 6 - 5 = 1 \\).\n2. Calculate the differences in \\( y \\): \\( 10 - 19 = -9 \\) and \\( 3 - 10 = -7 \\).\n3. The change in \\( y \\) is not consistent, so the function is nonlinear.\n\nAnswer: B"}]}, {"image": "5398.png", "conversations": [{"from": "user", "value": "Kate found a list of the number of roller coasters at each amusement park in the state. What is the largest number of roller coasters? (Unit: roller coasters)\nFirst generate a step-by-step solution, then answer the question using a single word or phrase."}, {"from": "assistant", "value": "Solution:\n1. The stem-and-leaf plot shows numbers: 3, 6, 6, 10, 10, 12, 13, 15, 21, 25, 27, 34, 39, 42, 42, 47.\n2. The largest number is 47.\nAnswer: 47"}]}, {"image": "18765.png", "conversations": [{"from": "user", "value": "A consultant working with a candy factory requested information on the amount of taffy made each day. How many pieces of taffy did the factory make total on Wednesday and Thursday? (Unit: pieces of taffy)\nFirst generate a step-by-step solution, then answer the question using a single word or phrase."}, {"from": "assistant", "value": "Solution:\n1. Wednesday had 4,020 pieces of taffy made.\n2. Thursday had 3,987 pieces of taffy made.\n3. Therefore, the total is 4,020 + 3,987 = 8,007 pieces of taffy.\nAnswer: 8,007"}]}, {"image": "5582.png", "conversations": [{"from": "user", "value": "Look at the table. Then answer the question. At a price of $390, is there a shortage or a surplus?\nOptions:\n(A) shortage\n(B) surplus\nFirst generate a step-by-step solution, then answer with the option\u2019s letter from the given choices directly."}, {"from": "assistant", "value": "Solution:\n1. At $390, the quantity demanded is 2,000.\n2. At $390, the quantity supplied is 13,900.\n3. Since the quantity supplied (13,900) is greater than the quantity demanded (2,000), there is a surplus.\nAnswer: B"}]}, {"image": "6477.png", "conversations": [{"from": "user", "value": "Heather has $80.50. Does she have enough to buy a pair of shoes and a winter jacket?\nOptions:\n(A) yes\n(B) no\nFirst generate a step-by-step solution, then answer with the option\u2019s letter from the given choices directly."}, {"from": "assistant", "value": "Solution:\n1. The cost of a pair of shoes is $25.26.\n2. The cost of a winter jacket is $55.17.\n3. Total cost = $25.26 + $55.17 = $80.43.\n4. Heather has $80.50.\n5. Since $80.50 is greater than $80.43, she has enough money.\nAnswer: A"}]}, {"image": "36746.png", "conversations": [{"from": "user", "value": "A vendor who sold bread at farmers' markets counted the number of leftover loaves at the end of each day. According to the table, what was the rate of change between Tuesday and Wednesday? (Unit: loaves per day)\nFirst generate a step-by-step solution, then answer the question using a single word or phrase."}, {"from": "assistant", "value": "Solution:\n1. Number of leftover loaves on Tuesday: 47\n2. Number of leftover loaves on Wednesday: 46\n3. Rate of change = Wednesday loaves - Tuesday loaves = 46 - 47 = -1\n4. The rate of change is -1 loaf per day.\nAnswer: -1"}]}, {"image": "15141.png", "conversations": [{"from": "user", "value": "The staff of a game show tracked the performance of all the contestants during the past season. How many people scored at least 30 points but fewer than 60 points? (Unit: people)\nFirst generate a step-by-step solution, then answer the question using a single word or phrase."}, {"from": "assistant", "value": "Solution:\n1. Identify scores between 30 and 59 from the stem-and-leaf plot.\n2. The relevant stems are 3, 4, and 5.\n3. Scores for stem 3: 30, 30, 35, 35, 37, 37 (6 scores).\n4. Scores for stem 4: 41, 42 (2 scores).\n5. Scores for stem 5: 53 (1 score).\n6. Total scores in the range: 6 + 2 + 1 = 9 people.\nAnswer: 9"}]}, {"image": "34458.png", "conversations": [{"from": "user", "value": "How much money does Harold need to buy a crane and a dump truck? (Unit: $)\nFirst generate a step-by-step solution, then answer the question using a single word or phrase."}, {"from": "assistant", "value": "Solution:\n1. The cost of the crane is $9,547.00.\n2. The cost of the dump truck is $9,198.00.\n3. Total cost = $9,547.00 + $9,198.00 = $18,745.00.\nAnswer: $18,745.00"}]}, {"image": "30278.png", "conversations": [{"from": "user", "value": "How much money does Britney need to buy a piece of cornbread and a bottle of water? (Unit: $)\nFirst generate a step-by-step solution, then answer the question using a single word or phrase."}, {"from": "assistant", "value": "Solution:\n1. Price of a piece of cornbread: $0.81\n2. Price of a bottle of water: $0.94\n3. Total cost: $0.81 + $0.94 = $1.75\nAnswer: $1.75"}]}, {"image": "25793.png", "conversations": [{"from": "user", "value": "How much money does Jasper need to buy a blue glass bead and a long red bead? (Unit: $)\nFirst generate a step-by-step solution, then answer the question using a single word or phrase."}, {"from": "assistant", "value": "Solution:\n1. The cost of a blue glass bead is $0.09.\n2. The cost of a long red bead is $0.07.\n3. Total cost = $0.09 + $0.07 = $0.16.\nAnswer: $0.16"}]}, {"image": "19997.png", "conversations": [{"from": "user", "value": "How much money does Josie need to buy 2 waffles with berries? (Unit: $)\nFirst generate a step-by-step solution, then answer the question using a single word or phrase."}, {"from": "assistant", "value": "Solution:\n1. The cost of one waffle with berries is $7.97.\n2. Josie wants to buy 2 waffles.\n3. Calculate the total cost: $7.97 \u00d7 2 = $15.94.\nAnswer: 15.94"}]}, {"image": "4373.png", "conversations": [{"from": "user", "value": "Vivian counted the total number of shells collected by her friends during a walk on the beach. How many people found exactly 2 seashells?\nFirst generate a step-by-step solution, then answer the question using a single word or phrase."}, {"from": "assistant", "value": "Solution:\n1. Look at the row for 2 seashells found.\n2. The frequency for 2 seashells is 8.\nAnswer: 8"}]}, {"image": "5231.png", "conversations": [{"from": "user", "value": "The table shows a function. Is the function linear or nonlinear?\nOptions:\n(A) linear\n(B) nonlinear\nFirst generate a step-by-step solution, then answer with the option\u2019s letter from the given choices directly."}, {"from": "assistant", "value": "Solution:\n1. Check the differences in \\( y \\) values: \\( 17 - 8 = 9 \\) and \\( 8 - 1 = 7 \\).\n2. The differences are not constant, indicating that the change in \\( y \\) is not uniform as \\( x \\) changes.\n3. Therefore, the function is nonlinear.\nAnswer: B"}]}, {"image": "14040.png", "conversations": [{"from": "user", "value": "A cookie factory monitored the number of broken cookies per pack yesterday. How many packs had at least 47 broken cookies? (Unit: packs)\nFirst generate a step-by-step solution, then answer the question using a single word or phrase."}, {"from": "assistant", "value": "Solution:\n1. The stem-and-leaf plot represents the number of broken cookies. Each \"leaf\" represents a single pack.\n2. Look for numbers 47 or greater:\n   - 47 is in the \"4 | 0\" and \"4 | 7\" rows.\n   - 47 is in the \"7 | 0\" and \"7 | 9\" rows.\n   - 47 is in the \"8 | 0 3 4 4 7\" rows.\n   - 47 is in the \"9 | 0\" row.\n3. Count the numbers that are 47 or greater: 47, 60, 63, 67, 70, 79, 80, 83, 84, 87, 90.\n4. There are 11 packs with at least 47 broken cookies.\nAnswer: 11"}]}, {"image": "10039.png", "conversations": [{"from": "user", "value": "The movie critic liked to count the number of actors in each movie he saw. How many movies had exactly 43 actors?\nFirst generate a step-by-step solution, then answer the question using a single word or phrase."}, {"from": "assistant", "value": "Solution:\n1. The stem represents the tens digit, and the leaf represents the units digit.\n2. For 43 actors, look for stem \"4\" and leaf \"3\".\n3. The leaf \"3\" appears twice under stem \"4\".\n4. Therefore, two movies had exactly 43 actors.\nAnswer: 2"}]}, {"image": "30650.png", "conversations": [{"from": "user", "value": "Look at the table. Then answer the question. At a price of $790, is there a shortage or a surplus?\nOptions:\n(A) shortage\n(B) surplus\nFirst generate a step-by-step solution, then answer with the option\u2019s letter from the given choices directly."}, {"from": "assistant", "value": "Solution:\n1. At a price of $790, the quantity demanded is 5,400 and the quantity supplied is 8,900.\n2. Since the quantity supplied (8,900) is greater than the quantity demanded (5,400), there is a surplus.\nAnswer: B"}]}, {"image": "20274.png", "conversations": [{"from": "user", "value": "A food magazine published a listing of local restaurant ratings. How many restaurants were rated exactly 24 points? (Unit: restaurants)\nFirst generate a step-by-step solution, then answer the question using a single word or phrase."}, {"from": "assistant", "value": "Solution:\n1. Look at the stem \"2\" and the leaf \"4\" for the number 24.\n2. The number 4 appears once in the leaf for stem 2.\n3. Therefore, there is 1 restaurant rated exactly 24 points.\nAnswer: 1"}]}, {"image": "4222.png", "conversations": [{"from": "user", "value": "A waitress kept track of how many hours she worked each day. What is the mean of the numbers?\nFirst generate a step-by-step solution, then answer the question using a single word or phrase."}, {"from": "assistant", "value": "Solution:\n1. List the hours: 2, 5, 5, 2, 8, 2.\n2. Calculate the total hours: 2 + 5 + 5 + 2 + 8 + 2 = 24.\n3. Count the number of days: 6.\n4. Calculate the mean: 24 \u00f7 6 = 4.\nAnswer: 4"}]}, {"image": "21803.png", "conversations": [{"from": "user", "value": "How much money does Abby need to buy a piece of smoky quartz and a pumice stone? (Unit: $)\nFirst generate a step-by-step solution, then answer the question using a single word or phrase."}, {"from": "assistant", "value": "Solution:\n1. The price of a piece of smoky quartz is $0.63.\n2. The price of a pumice stone is $0.18.\n3. Total cost is $0.63 + $0.18 = $0.81.\nAnswer: $0.81"}]}, {"image": "28322.png", "conversations": [{"from": "user", "value": "Each year the Lanberry School District publishes its annual budget, which includes information on the sports program's per-student spending. According to the table, what was the rate of change between 2011 and 2012? (Unit: $, per year)\nFirst generate a step-by-step solution, then answer the question using a single word or phrase."}, {"from": "assistant", "value": "Solution:\n1. The per-student budget in 2011 was $14.\n2. The per-student budget in 2012 was $15.\n3. The rate of change is calculated as $15 - $14 = $1.\nAnswer: $1"}]}, {"image": "17730.png", "conversations": [{"from": "user", "value": "Jen went on a road trip and tracked her driving each day. What is the median of the numbers?\nFirst generate a step-by-step solution, then answer the question using a single word or phrase."}, {"from": "assistant", "value": "Solution:\n1. List the numbers in ascending order: 54, 58, 64, 71, 76.\n2. The third number is the median, which is 64.\nAnswer: 64"}]}, {"image": "27881.png", "conversations": [{"from": "user", "value": "How much money does Jaylen need to buy 9 navy blue bath mats and 5 pillows? (Unit: $)\nFirst generate a step-by-step solution, then answer the question using a single word or phrase."}, {"from": "assistant", "value": "Solution:\n1. Cost of one navy blue bath mat: $19.79\n2. Cost of one pillow: $13.78\n3. Cost for 9 navy blue bath mats: 9 x $19.79 = $178.11\n4. Cost for 5 pillows: 5 x $13.78 = $68.90\n5. Total cost: $178.11 + $68.90 = $247.01\nAnswer: $247.01"}]}, {"image": "5418.png", "conversations": [{"from": "user", "value": "Look at the table. Then answer the question. At a price of $310, is there a shortage or a surplus?\nOptions:\n(A) shortage\n(B) surplus\nFirst generate a step-by-step solution, then answer with the option\u2019s letter from the given choices directly."}, {"from": "assistant", "value": "Solution:\n1. At a price of $310, the quantity demanded is 12,300.\n2. The quantity supplied is 10,000.\n3. Since quantity demanded (12,300) is greater than quantity supplied (10,000), there is a shortage.\nAnswer: A"}]}, {"image": "32918.png", "conversations": [{"from": "user", "value": "Henry's class paid attention to how many bottles each student collected for their recycling project. Who collected the fewest bottles?\nOptions:\n(A) Henry\n(B) Akira\n(C) Franco\n(D) Bert\nFirst generate a step-by-step solution, then answer with the option\u2019s letter from the given choices directly."}, {"from": "assistant", "value": "Solution:\n1. List the number of bottles collected: Henry - 48, Akira - 41, Franco - 46, Bert - 40.\n2. The smallest number is 40, collected by Bert.\nAnswer: D"}]}, {"image": "37977.png", "conversations": [{"from": "user", "value": "A dog show enthusiast recorded the weight of the winning dog at recent dog shows. According to the table, what was the rate of change between 2017 and 2018? (Unit: kilograms per year)\nFirst generate a step-by-step solution, then answer the question using a single word or phrase."}, {"from": "assistant", "value": "Solution:\n1. Weight in 2017: 12 kg\n2. Weight in 2018: 18 kg\n3. Rate of change = (Weight in 2018 - Weight in 2017) / (2018 - 2017)\n4. Rate of change = (18 kg - 12 kg) / 1 year = 6 kg/year\nAnswer: 6"}]}, {"image": "30871.png", "conversations": [{"from": "user", "value": "The table shows a function. Is the function linear or nonlinear?\nOptions:\n(A) linear\n(B) nonlinear\nFirst generate a step-by-step solution, then answer with the option\u2019s letter from the given choices directly."}, {"from": "assistant", "value": "Solution:\n1. Calculate the differences in \\( x \\): 10 - 9 = 1, 11 - 10 = 1.\n2. Calculate the differences in \\( y \\): 10 - 0 = 10, 16 - 10 = 6.\n3. The change in \\( y \\) is not constant for equal changes in \\( x \\).\n4. Therefore, the function is nonlinear.\nAnswer: B"}]}, {"image": "38302.png", "conversations": [{"from": "user", "value": "How much money does Anita need to buy 5 Hawaiian vacation packages? (Unit: $)\nFirst generate a step-by-step solution, then answer the question using a single word or phrase."}, {"from": "assistant", "value": "Solution:\n1. The cost of one Hawaiian vacation package is $641.\n2. To find the cost of 5 packages, multiply $641 by 5.\n3. $641 \u00d7 5 = $3,205.\nAnswer: $3,205"}]}, {"image": "20249.png", "conversations": [{"from": "user", "value": "Arianna has $1,700.00. Does she have enough to buy an oboe and a trumpet?\nOptions:\n(A) yes\n(B) no\nFirst generate a step-by-step solution, then answer with the option\u2019s letter from the given choices directly."}, {"from": "assistant", "value": "Solution:\n1. The cost of the oboe is $846.00.\n2. The cost of the trumpet is $842.00.\n3. Total cost for both is $846.00 + $842.00 = $1,688.00.\n4. Arianna has $1,700.00.\n5. Since $1,688.00 is less than $1,700.00, she has enough money.\nAnswer: A"}]}, {"image": "31881.png", "conversations": [{"from": "user", "value": "Jayla counted the total number of shells collected by her friends during a walk on the beach. How many people found exactly 4 seashells?\nFirst generate a step-by-step solution, then answer the question using a single word or phrase."}, {"from": "assistant", "value": "Solution:\n1. Look at the row where \"Seashells found\" is 4.\n2. The frequency for 4 seashells is 1.\n3. Therefore, 1 person found exactly 4 seashells.\nAnswer: 1"}]}, {"image": "12009.png", "conversations": [{"from": "user", "value": "How much money does Justin need to buy an encyclopedia and a map of the world? (Unit: $)\nFirst generate a step-by-step solution, then answer the question using a single word or phrase."}, {"from": "assistant", "value": "Solution:\n1. The cost of the encyclopedia is $24.81.\n2. The cost of the map of the world is $11.04.\n3. Total cost = $24.81 + $11.04 = $35.85.\nAnswer: $35.85"}]}, {"image": "15046.png", "conversations": [{"from": "user", "value": "At a charity basketball shootout, excited fans counted the baskets and misses made by each of the team mascots. How many more misses did Wendy Wolverine have than Bradley Bear? (Unit: misses)\nFirst generate a step-by-step solution, then answer the question using a single word or phrase."}, {"from": "assistant", "value": "Solution:\n1. Wendy Wolverine had 18 misses.\n2. Bradley Bear had 14 misses.\n3. The difference is 18 - 14 = 4 misses.\nAnswer: 4"}]}, {"image": "32301.png", "conversations": [{"from": "user", "value": "Omar has $4,387. Does he have enough to buy a boa constrictor and a llama?\nOptions:\n(A) yes\n(B) no\nFirst generate a step-by-step solution, then answer with the option\u2019s letter from the given choices directly."}, {"from": "assistant", "value": "Solution:\n1. The cost of a boa constrictor is $1,301.\n2. The cost of a llama is $2,908.\n3. Total cost to buy both is $1,301 + $2,908 = $4,209.\n4. Omar has $4,387.\n5. Since $4,387 is greater than $4,209, Omar has enough money.\n\nAnswer: A"}]}, {"image": "35674.png", "conversations": [{"from": "user", "value": "For Earth Day, Stamford High's environmental club tracked the number of seeds planted by its members. How many members are there in all?\nFirst generate a step-by-step solution, then answer the question using a single word or phrase."}, {"from": "assistant", "value": "Solution:\n1. Add the frequencies together: 10 + 3 + 2 + 8 + 16.\n2. Calculate the total: 10 + 3 = 13, 13 + 2 = 15, 15 + 8 = 23, 23 + 16 = 39.\nAnswer: 39"}]}, {"image": "29849.png", "conversations": [{"from": "user", "value": "The table shows a function. Is the function linear or nonlinear?\nOptions:\n(A) linear\n(B) nonlinear\nFirst generate a step-by-step solution, then answer with the option\u2019s letter from the given choices directly."}, {"from": "assistant", "value": "Solution:\n1. Calculate the differences in \\( x \\): \\( 4 - 3 = 1 \\) and \\( 5 - 4 = 1 \\).\n2. Calculate the differences in \\( y \\): \\( 9 - 5 = 4 \\) and \\( 16 - 9 = 7 \\).\n3. The differences in \\( y \\) are not constant as \\( x \\) increases by a constant amount.\n4. Since the differences in \\( y \\) are not constant, the function is nonlinear.\nAnswer: B"}]}, {"image": "1421.png", "conversations": [{"from": "user", "value": "Each jacket has 10 buttons. How many buttons are on 4 jackets? (Unit: buttons)\nFirst generate a step-by-step solution, then answer the question using a single word or phrase."}, {"from": "assistant", "value": "Solution:\n1. Each jacket has 10 buttons.\n2. For 4 jackets, calculate the total buttons: 4 jackets \u00d7 10 buttons/jacket = 40 buttons.\nAnswer: 40"}]}, {"image": "37898.png", "conversations": [{"from": "user", "value": "Look at the following schedule. When does Advanced Programming class begin?\nOptions:\n(A) 3:10 P.M.\n(B) 10:10 A.M.\n(C) 8:45 A.M.\n(D) 12:40 P.M.\nFirst generate a step-by-step solution, then answer with the option\u2019s letter from the given choices directly."}, {"from": "assistant", "value": "Solution:\n1. Locate the Advanced Programming class in the schedule.\n2. The class begins at 10:10 A.M.\nAnswer: B"}]}, {"image": "30206.png", "conversations": [{"from": "user", "value": "At a school carnival, a curious student volunteer counted the number of times visitors to his booth spun the numbers 1 through 6. How many people spun 2?\nFirst generate a step-by-step solution, then answer the question using a single word or phrase."}, {"from": "assistant", "value": "Solution:\n1. Refer to the \"Number spun\" column for the number 2.\n2. The corresponding \"Frequency\" for the number 2 is 12.\nAnswer: 12"}]}, {"image": "32291.png", "conversations": [{"from": "user", "value": "How much more does a bouncy ball cost than a package of confetti? (Unit: $)\nFirst generate a step-by-step solution, then answer the question using a single word or phrase."}, {"from": "assistant", "value": "Solution:\n1. Cost of a bouncy ball: $0.61\n2. Cost of a package of confetti: $0.51\n3. Difference in cost: $0.61 - $0.51 = $0.10\nAnswer: $0.10"}]}, {"image": "25834.png", "conversations": [{"from": "user", "value": "Each cup has 10 ice cubes. How many ice cubes are in 6 cups?\nFirst generate a step-by-step solution, then answer the question using a single word or phrase."}, {"from": "assistant", "value": "Solution:\n1. Each cup contains 10 ice cubes.\n2. For 6 cups, calculate 6 \u00d7 10 = 60 ice cubes.\nAnswer: 60"}]}, {"image": "27016.png", "conversations": [{"from": "user", "value": "A toy store employee counted the number of toys in each bin in the sale section. How many bins had exactly 56 toys?\nFirst generate a step-by-step solution, then answer the question using a single word or phrase."}, {"from": "assistant", "value": "Solution:\n1. Identify the stem \"5\" and leaf \"6\" for the number 56.\n2. Locate the stem \"5\" row: 3, 4, 5, 7, 7, 8.\n3. Count the occurrences of the leaf \"6\" in this row.\n4. There are no occurrences of \"6\" in the stem \"5\" row.\nAnswer: 0"}]}, {"image": "28074.png", "conversations": [{"from": "user", "value": "Jared bought 1/5 of a pound of soy flour. How much did he spend? (Unit: $)\nFirst generate a step-by-step solution, then answer the question using a single word or phrase."}, {"from": "assistant", "value": "Solution:\n1. Soy flour costs $5 per pound.\n2. Jared bought 1/5 of a pound.\n3. Calculate the cost: \\( \\frac{1}{5} \\times 5 = 1 \\).\nAnswer: 1"}]}, {"image": "34010.png", "conversations": [{"from": "user", "value": "Brett has $1.67. How much money will Brett have left if he buys a jar of salsa and a jar of tomato sauce? (Unit: $)\nFirst generate a step-by-step solution, then answer the question using a single word or phrase."}, {"from": "assistant", "value": "Solution:\n1. Cost of jar of salsa: $0.76\n2. Cost of jar of tomato sauce: $0.86\n3. Total cost: $0.76 + $0.86 = $1.62\n4. Brett's initial amount: $1.67\n5. Money left: $1.67 - $1.62 = $0.05\nAnswer: $0.05"}]}, {"image": "21313.png", "conversations": [{"from": "user", "value": "An economist tracked the amount of per-capita aid sent from the U.S. to various countries during the 1900s. Of the countries shown, which received the most aid per capita in 1995?\nOptions:\n(A) Pakistan\n(B) Libya\n(C) Afghanistan\n(D) Algeria\nFirst generate a step-by-step solution, then answer with the option\u2019s letter from the given choices directly."}, {"from": "assistant", "value": "Solution:\n1. Check the aid received per capita for each country in 1995:\n   - Pakistan: $7\n   - Algeria: $11\n   - Libya: $1\n   - Afghanistan: $10\n2. The highest amount is $11, received by Algeria.\nAnswer: D"}]}, {"image": "25371.png", "conversations": [{"from": "user", "value": "In science class, Sarah is learning about places with extreme temperatures. She learns that the highest temperature ever recorded was in Death Valley, California. She also learns that the lowest temperature ever recorded was in Vostok Station, Antarctica. The record-setting temperatures of the two locations are shown in the table. Which location's temperature was further from zero?\nOptions:\n(A) Death Valley\n(B) Vostok Station\nFirst generate a step-by-step solution, then answer with the option\u2019s letter from the given choices directly."}, {"from": "assistant", "value": "Solution:\n1. The temperature at Death Valley is 134\u00b0F.\n2. The temperature at Vostok Station is -128\u00b0F.\n3. Calculate the absolute values: |134| = 134 and |-128| = 128.\n4. Compare the absolute values: 134 is greater than 128.\n5. Therefore, Death Valley's temperature is further from zero.\nAnswer: A"}]}, {"image": "14242.png", "conversations": [{"from": "user", "value": "A Girl Scout troop recorded how many boxes of cookies they sold each day for a week. According to the table, what was the rate of change between Wednesday and Thursday? (Unit: boxes per day)\nFirst generate a step-by-step solution, then answer the question using a single word or phrase."}, {"from": "assistant", "value": "Solution:\n1. Boxes sold on Wednesday: 38\n2. Boxes sold on Thursday: 38\n3. Rate of change = Thursday boxes - Wednesday boxes = 38 - 38 = 0\nAnswer: 0"}]}, {"image": "27945.png", "conversations": [{"from": "user", "value": "The table shows a function. Is the function linear or nonlinear?\nOptions:\n(A) linear\n(B) nonlinear\nFirst generate a step-by-step solution, then answer with the option\u2019s letter from the given choices directly."}, {"from": "assistant", "value": "Solution:\n1. Check the differences in \\( y \\) values: \n   - From 15 to 8, the difference is -7.\n   - From 8 to 1, the difference is -7.\n2. Check the differences in \\( x \\) values:\n   - From 2 to 3, the difference is 1.\n   - From 3 to 4, the difference is 1.\n3. The change in \\( y \\) is consistent with the change in \\( x \\), indicating a constant rate of change.\n4. Therefore, the function is linear.\n\nAnswer: A"}]}, {"image": "21045.png", "conversations": [{"from": "user", "value": "The table shows a function. Is the function linear or nonlinear?\nOptions:\n(A) linear\n(B) nonlinear\nFirst generate a step-by-step solution, then answer with the option\u2019s letter from the given choices directly."}, {"from": "assistant", "value": "Solution:\n1. Calculate the differences in \\(x\\): \\(17 - 16 = 1\\) and \\(18 - 17 = 1\\).\n2. Calculate the differences in \\(y\\): \\(18 - 20 = -2\\) and \\(9 - 18 = -9\\).\n3. The differences in \\(y\\) are not consistent when \\(x\\) increases by the same amount.\n4. Since the rate of change is not constant, the function is nonlinear.\nAnswer: B"}]}, {"image": "4005.png", "conversations": [{"from": "user", "value": "The city library monitored the number of books checked out each day. How many books in total were checked out on Thursday and Friday? (Unit: books)\nFirst generate a step-by-step solution, then answer the question using a single word or phrase."}, {"from": "assistant", "value": "Solution:\n1. Thursday had 290 books checked out.\n2. Friday had 150 books checked out.\n3. Therefore, in total there were 290 + 150 = 440 books checked out.\nAnswer: 440"}]}, {"image": "18779.png", "conversations": [{"from": "user", "value": "The county released data about how many schools there are in each town. What is the median of the numbers?\nFirst generate a step-by-step solution, then answer the question using a single word or phrase."}, {"from": "assistant", "value": "Solution:\n1. List the numbers in ascending order: 3, 3, 4, 4, 4, 7, 8.\n2. The fourth number is the median, which is 4.\nAnswer: 4"}]}, {"image": "19902.png", "conversations": [{"from": "user", "value": "How much money does Jonah need to buy a birthday candle and a plastic straw? (Unit: $)\nFirst generate a step-by-step solution, then answer the question using a single word or phrase."}, {"from": "assistant", "value": "Solution:\n1. The price of a birthday candle is $0.81.\n2. The price of a plastic straw is $0.14.\n3. Total cost is $0.81 + $0.14 = $0.95.\nAnswer: $0.95"}]}, {"image": "17012.png", "conversations": [{"from": "user", "value": "Manuel decided to record the temperature every morning when he woke up. How many temperature readings were exactly 23\u00b0C? (Unit: temperature readings)\nFirst generate a step-by-step solution, then answer the question using a single word or phrase."}, {"from": "assistant", "value": "Solution:\n1. Identify the stem for 23\u00b0C, which is 2.\n2. Look at the leaves under stem 2: 1, 2, 2, 5, 8.\n3. Count how many times the leaf 3 appears: 0 times.\nAnswer: 0"}]}, {"image": "26435.png", "conversations": [{"from": "user", "value": "Derek has $0.06. Does he have enough to buy a piece of licorice and a cinnamon candy?\nOptions:\n(A) yes\n(B) no\nFirst generate a step-by-step solution, then answer with the option\u2019s letter from the given choices directly."}, {"from": "assistant", "value": "Solution:\n1. The cost of a piece of licorice is $0.07.\n2. The cost of a cinnamon candy is $0.01.\n3. Total cost for both is $0.07 + $0.01 = $0.08.\n4. Derek has $0.06, which is less than $0.08.\nAnswer: B"}]}, {"image": "11563.png", "conversations": [{"from": "user", "value": "Terrence has $20. How much money will Terrence have left if he buys buttermilk pancakes and fried eggs? (Unit: $)\nFirst generate a step-by-step solution, then answer the question using a single word or phrase."}, {"from": "assistant", "value": "Solution:\n1. Cost of buttermilk pancakes: $5\n2. Cost of fried eggs: $6\n3. Total cost: $5 + $6 = $11\n4. Terrence's initial amount: $20\n5. Money left: $20 - $11 = $9\nAnswer: $9"}]}, {"image": "36308.png", "conversations": [{"from": "user", "value": "Mary has $9. Does she have enough to buy a wrench and a bucket?\nOptions:\n(A) yes\n(B) no\nFirst generate a step-by-step solution, then answer with the option\u2019s letter from the given choices directly."}, {"from": "assistant", "value": "Solution:\n1. The price of a wrench is $5.\n2. The price of a bucket is $5.\n3. Total cost for both is $5 + $5 = $10.\n4. Mary has $9.\n5. $9 is less than $10, so she does not have enough.\nAnswer: B"}]}, {"image": "13751.png", "conversations": [{"from": "user", "value": "Look at the table. Then answer the question. At a price of $70, is there a shortage or a surplus?\nOptions:\n(A) shortage\n(B) surplus\nFirst generate a step-by-step solution, then answer with the option\u2019s letter from the given choices directly."}, {"from": "assistant", "value": "Solution:\n1. At a price of $70, the quantity demanded is 23,800.\n2. The quantity supplied is 5,000.\n3. Since the quantity demanded (23,800) is greater than the quantity supplied (5,000), there is a shortage.\nAnswer: A"}]}, {"image": "15348.png", "conversations": [{"from": "user", "value": "The Stafford Middle School fundraising committee found out how many sweatshirts students already had, in order to decide whether to sell sweatshirts for a fundraiser. How many students have fewer than 4 sweatshirts?\nFirst generate a step-by-step solution, then answer the question using a single word or phrase."}, {"from": "assistant", "value": "Solution:\n1. Calculate the total number of students with fewer than 4 sweatshirts by adding the frequencies for 0, 1, 2, and 3 sweatshirts.\n2. Frequencies are: 16 (0 sweatshirts), 17 (1 sweatshirt), 5 (2 sweatshirts), 7 (3 sweatshirts).\n3. Total = 16 + 17 + 5 + 7 = 45 students.\n\nAnswer: 45"}]}, {"image": "819.png", "conversations": [{"from": "user", "value": "Kate has $10.50. Does she have enough to buy a toy boat and a trivia game?\nOptions:\n(A) yes\n(B) no\nFirst generate a step-by-step solution, then answer with the option\u2019s letter from the given choices directly."}, {"from": "assistant", "value": "Solution:\n1. The price of the toy boat is $2.94.\n2. The price of the trivia game is $7.84.\n3. Total cost = $2.94 + $7.84 = $10.78.\n4. Kate has $10.50, which is less than $10.78.\nAnswer: B"}]}, {"image": "13558.png", "conversations": [{"from": "user", "value": "Aaliyah, a journalism student, counted the number of pages in several major magazines. How many magazines had at least 80 pages but less than 90 pages? (Unit: magazines)\nFirst generate a step-by-step solution, then answer the question using a single word or phrase."}, {"from": "assistant", "value": "Solution:\n1. Look at the stem \"8\" which represents the tens digit for numbers in the 80s.\n2. The leaves are 0, 0, 2, 3, 6, 7, 8.\n3. Count the leaves: there are 7 leaves.\nAnswer: 7"}]}, {"image": "5338.png", "conversations": [{"from": "user", "value": "What is the total cost for 3 kilograms of duck? (Unit: $)\nFirst generate a step-by-step solution, then answer the question using a single word or phrase."}, {"from": "assistant", "value": "Solution:\n1. The cost of duck is $4/kg.\n2. For 3 kilograms, the cost is 3 kg \u00d7 $4/kg = $12.\nAnswer: 12"}]}, {"image": "21364.png", "conversations": [{"from": "user", "value": "Look at this table. Is this relation a function?\nOptions:\n(A) yes\n(B) no\nFirst generate a step-by-step solution, then answer with the option\u2019s letter from the given choices directly."}, {"from": "assistant", "value": "Solution:\n1. A relation is a function if each input \\( x \\) has exactly one output \\( y \\).\n2. Check the \\( x \\) values: 0, 13, 4, 0.\n3. The \\( x \\) value 0 corresponds to two different \\( y \\) values (16 and 14).\n4. Since an input \\( x \\) (0) has more than one output, this is not a function.\nAnswer: B"}]}, {"image": "24662.png", "conversations": [{"from": "user", "value": "A health instructor surveyed all her students, and tallied the results. The first survey question asked, \"Do you adhere to a vegetarian diet or omnivorous diet?\" The second question asked, \"If you were to buy a pet today, which animal would it be?\" What is the probability that a randomly selected student would buy a cat and adheres to a vegetarian diet? Simplify any fractions.\nFirst generate a step-by-step solution, then answer the question using a single word or phrase."}, {"from": "assistant", "value": "Solution:\n1. Total number of students = 3 (dog, vegetarian) + 8 (dog, omnivorous) + 4 (cat, vegetarian) + 5 (cat, omnivorous) = 20.\n2. Number of students who would buy a cat and adhere to a vegetarian diet = 4.\n3. Probability = Number of favorable outcomes / Total number of outcomes = 4 / 20.\n4. Simplify the fraction: 4/20 = 1/5.\nAnswer: 1/5"}]}, {"image": "35522.png", "conversations": [{"from": "user", "value": "Mitch attended his town's annual Worm Charming Competition. Contestants are assigned to a square foot of land, where they have 30 minutes to \"charm\" worms to the surface of the dirt using a single technique. Mitch observed contestants' charming techniques, and kept track of how many worms surfaced. What is the probability that a randomly selected contestant tried tapping the ground and charmed 11-20 worms? Simplify any fractions.\nFirst generate a step-by-step solution, then answer the question using a single word or phrase."}, {"from": "assistant", "value": "Solution:\n1. Total number of contestants:\n   - Tapping the ground (5-10 worms): 4\n   - Tapping the ground (11-20 worms): 5\n   - Raking the ground (5-10 worms): 2\n   - Raking the ground (11-20 worms): 3\n   - Total = 4 + 5 + 2 + 3 = 14\n\n2. Number of contestants who tried tapping the ground and charmed 11-20 worms: 5\n\n3. Probability = Number of favorable outcomes / Total outcomes = 5 / 14\n\nAnswer: 5/14"}]}, {"image": "17420.png", "conversations": [{"from": "user", "value": "Several students participated in a race. What is the mean of the numbers?\nFirst generate a step-by-step solution, then answer the question using a single word or phrase."}, {"from": "assistant", "value": "Solution:\n1. List the times: 38, 37, 33, 33, 35, 30, 32.\n2. Calculate the sum: 38 + 37 + 33 + 33 + 35 + 30 + 32 = 238.\n3. Count the number of times: 7.\n4. Divide the sum by the number of times: 238 \u00f7 7 = 34.\nAnswer: 34"}]}, {"image": "34760.png", "conversations": [{"from": "user", "value": "Jacob has $12,899. Does he have enough to buy a Thoroughbred horse and a Hanoverian horse?\nOptions:\n(A) yes\n(B) no\nFirst generate a step-by-step solution, then answer with the option\u2019s letter from the given choices directly."}, {"from": "assistant", "value": "Solution:\n1. Cost of a Thoroughbred horse is $3,681.\n2. Cost of a Hanoverian horse is $8,941.\n3. Total cost for both horses is $3,681 + $8,941 = $12,622.\n4. Jacob has $12,899.\n5. $12,899 is greater than $12,622, so he has enough money.\nAnswer: A"}]}, {"image": "10526.png", "conversations": [{"from": "user", "value": "Nellie's Crafts is interested in offering a scarf knitting class, so the store considers how many scarves people already own. How many people in the class do not have a scarf?\nFirst generate a step-by-step solution, then answer the question using a single word or phrase."}, {"from": "assistant", "value": "Solution:\n1. Look at the frequency for the number of scarves equal to 0.\n2. The frequency is 5.\nAnswer: 5"}]}, {"image": "23331.png", "conversations": [{"from": "user", "value": "A garden supply store kept track of how many lawn mowers it sold in the past 5 days. What is the mode of the numbers?\nFirst generate a step-by-step solution, then answer the question using a single word or phrase."}, {"from": "assistant", "value": "Solution:\n1. List the numbers: 14, 25, 25, 14, 25.\n2. Count the frequency of each number:\n   - 14 appears 2 times.\n   - 25 appears 3 times.\n3. The number that appears most frequently is the mode, which is 25.\nAnswer: 25"}]}, {"image": "21473.png", "conversations": [{"from": "user", "value": "Kylie has $812.00. Does she have enough to buy a video game system and a portable DVD player?\nOptions:\n(A) yes\n(B) no\nFirst generate a step-by-step solution, then answer with the option\u2019s letter from the given choices directly."}, {"from": "assistant", "value": "Solution:\n1. The cost of the video game system is $491.00.\n2. The cost of the portable DVD player is $285.00.\n3. Total cost for both items: $491.00 + $285.00 = $776.00.\n4. Kylie has $812.00.\n5. Since $812.00 is greater than $776.00, she has enough money.\n\nAnswer: A"}]}, {"image": "1977.png", "conversations": [{"from": "user", "value": "A college professor asked his Psychology students to complete a personality test. He paid special attention to his students' career goals and their greatest fears. What is the probability that a randomly selected student has a fear of heights and wants to be a social worker? Simplify any fractions.\nFirst generate a step-by-step solution, then answer the question using a single word or phrase."}, {"from": "assistant", "value": "Solution:\n1. Total number of students = 6 (fear of snakes, social worker) + 3 (fear of snakes, doctor) + 7 (fear of heights, social worker) + 3 (fear of heights, doctor) = 19.\n2. Number of students with a fear of heights who want to be social workers = 7.\n3. Probability = Number of favorable outcomes / Total outcomes = 7/19.\nAnswer: 7/19"}]}, {"image": "33222.png", "conversations": [{"from": "user", "value": "Wanda has $854.00. How much money will Wanda have left if she buys a finch and a hedgehog? (Unit: $)\nFirst generate a step-by-step solution, then answer the question using a single word or phrase."}, {"from": "assistant", "value": "Solution:\n1. Price of finch: $164.00\n2. Price of hedgehog: $160.00\n3. Total cost: $164.00 + $160.00 = $324.00\n4. Wanda's initial amount: $854.00\n5. Remaining amount: $854.00 - $324.00 = $530.00\nAnswer: $530.00"}]}, {"image": "6341.png", "conversations": [{"from": "user", "value": "Look at the following schedule. Addison just missed the 10.45 A.M. train at North Boulevard. How long does she have to wait until the next train?\nOptions:\n(A) 15 minutes\n(B) 30 minutes\n(C) 1 hour\n(D) 45 minutes\nFirst generate a step-by-step solution, then answer with the option\u2019s letter from the given choices directly."}, {"from": "assistant", "value": "Solution:\n1. The times listed for North Boulevard are 9:15 A.M., 9:30 A.M., 10:30 A.M., 10:45 A.M., and 11:15 A.M.\n2. Addison just missed the 10:45 A.M. train, the next train is at 11:15 A.M.\n3. The difference between 10:45 A.M. and 11:15 A.M. is 30 minutes.\nAnswer: B"}]}, {"image": "28286.png", "conversations": [{"from": "user", "value": "A real estate agent looked into how many houses were sold in different cities. Where were the fewest houses sold?\nOptions:\n(A) Fremont\n(B) Briggs Corner\n(C) Melville\n(D) Liberty City\nFirst generate a step-by-step solution, then answer with the option\u2019s letter from the given choices directly."}, {"from": "assistant", "value": "Solution:\n1. Fremont sold 92 houses.\n2. Briggs Corner sold 97 houses.\n3. Melville sold 93 houses.\n4. Liberty City sold 94 houses.\n5. The fewest houses were sold in Fremont with 92 houses.\n\nAnswer: A"}]}, {"image": "4042.png", "conversations": [{"from": "user", "value": "Look at this table. Is this relation a function?\nOptions:\n(A) yes\n(B) no\nFirst generate a step-by-step solution, then answer with the option\u2019s letter from the given choices directly."}, {"from": "assistant", "value": "Solution:\n1. In a function, each input \\( x \\) must correspond to exactly one output \\( y \\).\n2. The values of \\( x \\) are 12, 9, and 0.\n3. Each \\( x \\) value corresponds to one unique \\( y \\) value: 12 to 20, 9 to 7, and 0 to 3.\n4. Since each \\( x \\) has only one \\( y \\), the relation is a function.\nAnswer: A"}]}, {"image": "25382.png", "conversations": [{"from": "user", "value": "For a social studies project, Brian counted the number of classrooms in each school in the city. How many schools have at least 30 classrooms but fewer than 70 classrooms?\nFirst generate a step-by-step solution, then answer the question using a single word or phrase."}, {"from": "assistant", "value": "Solution:\n1. The stem-and-leaf plot shows the following numbers of classrooms:\n   - 13, 22, 35, 37, 49, 58, 69, 81, 83, 85, 89, 90.\n2. Identify numbers between 30 and 70: 35, 37, 49, 58, 69.\n3. Count these numbers: There are 5 schools.\nAnswer: 5"}]}, {"image": "20803.png", "conversations": [{"from": "user", "value": "Latrell buys 1.6 pounds of Bosc pears. What is the total cost? (Unit: $)\nFirst generate a step-by-step solution, then answer the question using a single word or phrase."}, {"from": "assistant", "value": "Solution:\n1. The price of Bosc pears is $4 per pound.\n2. Latrell buys 1.6 pounds.\n3. Total cost = 1.6 pounds \u00d7 $4/pound = $6.40.\nAnswer: $6.40"}]}, {"image": "28327.png", "conversations": [{"from": "user", "value": "Reba measured the length of each scarf in the clothing store where she works. How many scarves are exactly 74 centimeters? (Unit: scarves)\nFirst generate a step-by-step solution, then answer the question using a single word or phrase."}, {"from": "assistant", "value": "Solution:\n1. Locate the stem \"7\" which represents 70 centimeters.\n2. Check the leaves next to it: 1, 1, 3, 4, 4, 4, 7, 7, 8, 8, 9.\n3. Count the number of 4s: there are 3.\nAnswer: 3"}]}, {"image": "28133.png", "conversations": [{"from": "user", "value": "A county agency recorded the money donated to several charitable causes over time. Which cause raised less money in May, medical research or animals?\nOptions:\n(A) medical research\n(B) animals\nFirst generate a step-by-step solution, then answer with the option\u2019s letter from the given choices directly."}, {"from": "assistant", "value": "Solution:\n1. Medical research received $5 in May.\n2. Animals received $12 in May.\n3. Comparing the two, $5 is less than $12.\nAnswer: A"}]}, {"image": "12556.png", "conversations": [{"from": "user", "value": "The employee at the department store counted the number of ties on each tie rack. How many racks have at least 20 ties but fewer than 30 ties? (Unit: racks)\nFirst generate a step-by-step solution, then answer the question using a single word or phrase."}, {"from": "assistant", "value": "Solution:\n1. Identify the numbers between 20 and 30 from the stem-and-leaf plot.\n2. The numbers are 26 and 29.\n3. Count the numbers: there are 2 racks with ties between 20 and 30.\nAnswer: 2"}]}, {"image": "8041.png", "conversations": [{"from": "user", "value": "The local high school found out how many members each club had. What is the mean of the numbers?\nFirst generate a step-by-step solution, then answer the question using a single word or phrase."}, {"from": "assistant", "value": "Solution:\n1. List the number of members: 56, 48, 65, 55, 58, 72, 70, 48.\n2. Calculate the sum: 56 + 48 + 65 + 55 + 58 + 72 + 70 + 48 = 472.\n3. Count the number of clubs: 8.\n4. Calculate the mean: 472 \u00f7 8 = 59.\nAnswer: 59"}]}, {"image": "8957.png", "conversations": [{"from": "user", "value": "The teachers at a middle school counted how many computers they had in their classrooms. What is the range of the numbers?\nFirst generate a step-by-step solution, then answer the question using a single word or phrase."}, {"from": "assistant", "value": "Solution:\n1. List the numbers: 6, 1, 1, 9, 9, 1, 2.\n2. Identify the smallest number: 1.\n3. Identify the largest number: 9.\n4. Calculate the range: 9 - 1 = 8.\nAnswer: 8"}]}, {"image": "21798.png", "conversations": [{"from": "user", "value": "Some travelers in an airport compared how far they had flown that day. How many miles in total did Lucas and Mackenzie fly? (Unit: miles)\nFirst generate a step-by-step solution, then answer the question using a single word or phrase."}, {"from": "assistant", "value": "Solution:\n1. Lucas flew 534 miles.\n2. Mackenzie flew 298 miles.\n3. In total, they flew 534 + 298 = 832 miles.\nAnswer: 832"}]}, {"image": "16811.png", "conversations": [{"from": "user", "value": "If Jared buys 3 pounds of blue beads, 5 pounds of white beads, and 1 pound of black beads, how much will he spend? (Unit: $)\nFirst generate a step-by-step solution, then answer the question using a single word or phrase."}, {"from": "assistant", "value": "Solution:\n1. Blue beads cost $7.79 per lb. For 3 pounds: \\(3 \\times 7.79 = 23.37\\).\n2. White beads cost $7.41 per lb. For 5 pounds: \\(5 \\times 7.41 = 37.05\\).\n3. Black beads cost $3.60 per lb. For 1 pound: \\(1 \\times 3.60 = 3.60\\).\n4. Total cost: \\(23.37 + 37.05 + 3.60 = 64.02\\).\n\nAnswer: 64.02"}]}, {"image": "2556.png", "conversations": [{"from": "user", "value": "A wilderness retail store asked a consulting company to do an analysis of their hiking shoe customers. The consulting company gathered data from each customer that purchased hiking shoes, and recorded the shoe brand and the customer's level of happiness. What is the probability that a randomly selected customer is pleased and purchased a Toes Knows shoe? Simplify any fractions.\nFirst generate a step-by-step solution, then answer the question using a single word or phrase."}, {"from": "assistant", "value": "Solution:\n1. Total number of customers = 3 (Displeased, Footlong) + 3 (Displeased, Toes Knows) + 5 (Pleased, Footlong) + 4 (Pleased, Toes Knows) = 15.\n2. Number of customers who are pleased and purchased a Toes Knows shoe = 4.\n3. Probability = Number of favorable outcomes / Total number of outcomes = 4/15.\n\nAnswer: 4/15"}]}, {"image": "35946.png", "conversations": [{"from": "user", "value": "Wayne buys 5 kilograms of agave syrup and 1 kilogram of light brown sugar. What is the total cost? (Unit: $)\nFirst generate a step-by-step solution, then answer the question using a single word or phrase."}, {"from": "assistant", "value": "Solution:\n1. Agave syrup costs $1.12 per kilogram. For 5 kilograms: 5 \u00d7 $1.12 = $5.60.\n2. Light brown sugar costs $0.93 per kilogram. For 1 kilogram: 1 \u00d7 $0.93 = $0.93.\n3. Total cost is $5.60 + $0.93 = $6.53.\nAnswer: $6.53"}]}, {"image": "32416.png", "conversations": [{"from": "user", "value": "Look at the following schedule. Lila just missed the 10.15 A.M. bus at the aquarium. What time is the next bus?\nOptions:\n(A) 11:00 A.M.\n(B) 11:30 A.M.\n(C) 10:30 A.M.\n(D) 12:15 P.M.\nFirst generate a step-by-step solution, then answer with the option\u2019s letter from the given choices directly."}, {"from": "assistant", "value": "Solution:\n1. The times listed for the aquarium are 10:15 A.M., 10:30 A.M., and 11:00 A.M.\n2. Lila just missed the 10:15 A.M. bus.\n3. The next bus is at 10:30 A.M.\nAnswer: C"}]}, {"image": "3454.png", "conversations": [{"from": "user", "value": "A pretzel stand owner kept track of the number of pretzels sold during the past 4 days. On which day did the stand sell the fewest pretzels?\nOptions:\n(A) Friday\n(B) Saturday\n(C) Sunday\n(D) Monday\nFirst generate a step-by-step solution, then answer with the option\u2019s letter from the given choices directly."}, {"from": "assistant", "value": "Solution:\n1. Number of pretzels sold on each day:\n   - Friday: 31\n   - Saturday: 38\n   - Sunday: 36\n   - Monday: 34\n2. The fewest pretzels were sold on Friday with 31 pretzels.\nAnswer: A"}]}, {"image": "15169.png", "conversations": [{"from": "user", "value": "Each cage has 2 rats. How many rats are in 3 cages?\nFirst generate a step-by-step solution, then answer the question using a single word or phrase."}, {"from": "assistant", "value": "Solution:\n1. Each cage has 2 rats.\n2. For 3 cages: 3 \u00d7 2 = 6 rats.\nAnswer: 6"}]}, {"image": "2892.png", "conversations": [{"from": "user", "value": "In order to complete their model of a futuristic highway, students in Ms. Peter's design class find out how many toy cars each student can bring to class. How many students have more than 1 toy car?\nFirst generate a step-by-step solution, then answer the question using a single word or phrase."}, {"from": "assistant", "value": "Solution:\n1. Identify the frequencies for more than 1 toy car: 3, 4, and 5 toy cars.\n2. Add the frequencies: 15 (for 3 cars) + 17 (for 4 cars) + 14 (for 5 cars) = 46.\nAnswer: 46"}]}, {"image": "24283.png", "conversations": [{"from": "user", "value": "Look at the following schedule. Katy just missed the 10.30 A.M. train at Arlington. How long does she have to wait until the next train?\nOptions:\n(A) 15 minutes\n(B) 45 minutes\n(C) 2 hours and 45 minutes\n(D) 3 hours\nFirst generate a step-by-step solution, then answer with the option\u2019s letter from the given choices directly."}, {"from": "assistant", "value": "Solution:\n1. The times listed for Arlington are 10:30 A.M., 1:30 P.M., and 3:15 P.M.\n2. Katy just missed the 10:30 A.M. train, the next train is at 1:30 P.M.\n3. The difference between 10:30 A.M. and 1:30 P.M. is 3 hours.\nAnswer: D"}]}, {"image": "36952.png", "conversations": [{"from": "user", "value": "Look at this table. Is this relation a function?\nOptions:\n(A) yes\n(B) no\nFirst generate a step-by-step solution, then answer with the option\u2019s letter from the given choices directly."}, {"from": "assistant", "value": "Solution:\n1. A relation is a function if every x-value has exactly one y-value.\n2. In the table, x = 16 is paired with y = 1 and y = 3.\n3. Since x = 16 corresponds to two different y-values, the relation is not a function.\nAnswer: B"}]}, {"image": "23802.png", "conversations": [{"from": "user", "value": "How much money does Heather need to buy a wooden stool, a bookcase, and a TV stand? (Unit: $)\nFirst generate a step-by-step solution, then answer the question using a single word or phrase."}, {"from": "assistant", "value": "Solution:\n1. Cost of wooden stool: $17.52\n2. Cost of bookcase: $26.20\n3. Cost of TV stand: $25.89\n4. Total cost: $17.52 + $26.20 + $25.89 = $69.61\nAnswer: 69.61"}]}, {"image": "29418.png", "conversations": [{"from": "user", "value": "A stock broker followed the stock prices of a certain set of companies. On Thursday, which company's stock cost the least?\nOptions:\n(A) Houston Sporting Goods\n(B) White and Company\n(C) Thompson Corporation\nFirst generate a step-by-step solution, then answer with the option\u2019s letter from the given choices directly."}, {"from": "assistant", "value": "Solution:\n1. White and Company: $19 on Thursday.\n2. Thompson Corporation: $4 on Thursday.\n3. Houston Sporting Goods: $5 on Thursday.\n4. The lowest price is $4, which is Thompson Corporation.\nAnswer: C"}]}, {"image": "8581.png", "conversations": [{"from": "user", "value": "As part of a stuffed animal drive for the local children's hospital, the students at Rivera Elementary School record how many stuffed animals they have collected. How many students have more than 2 stuffed animals?\nFirst generate a step-by-step solution, then answer the question using a single word or phrase."}, {"from": "assistant", "value": "Solution:\n1. Identify the frequencies for more than 2 stuffed animals: 3, 9, 10, 5.\n2. Add these frequencies: 3 + 9 + 10 + 5 = 27.\nAnswer: 27"}]}, {"image": "21054.png", "conversations": [{"from": "user", "value": "An author kept a log of how many pages he wrote in the past 4 days. On which day did the author write the most?\nOptions:\n(A) Thursday\n(B) Friday\n(C) Saturday\n(D) Sunday\nFirst generate a step-by-step solution, then answer with the option\u2019s letter from the given choices directly."}, {"from": "assistant", "value": "Solution:\n1. Compare the number of pages written each day:\n   - Thursday: 78 pages\n   - Friday: 79 pages\n   - Saturday: 72 pages\n   - Sunday: 71 pages\n2. The most pages were written on Friday (79 pages).\nAnswer: B"}]}, {"image": "21479.png", "conversations": [{"from": "user", "value": "Britney buys 1+1/5 kilograms of butterscotch pudding. What is the total cost? (Unit: $)\nFirst generate a step-by-step solution, then answer the question using a single word or phrase."}, {"from": "assistant", "value": "Solution:\n1. The cost of butterscotch pudding is $3 per kilogram.\n2. Britney buys 1 + 1/5 kilograms, which is 1.2 kilograms.\n3. Total cost = 1.2 kilograms \u00d7 $3/kilogram = $3.60.\nAnswer: 3.60"}]}, {"image": "28073.png", "conversations": [{"from": "user", "value": "Dr. Vance, a pediatrician, weighed all the children who recently visited her office. What is the weight of the heaviest child? (Unit: pounds)\nFirst generate a step-by-step solution, then answer the question using a single word or phrase."}, {"from": "assistant", "value": "Solution:\n1. Convert the stem-and-leaf plot to actual weights:\n   - 13, 14, 15\n   - 23\n   - 33, 35, 36\n   - 43\n   - 53, 57\n2. The heaviest weight is 57 pounds.\nAnswer: 57"}]}, {"image": "8760.png", "conversations": [{"from": "user", "value": "After a field trip to the park, students in Mrs. Dalton's art class counted the number of leaf rubbings they had made. How many students made exactly 3 leaf rubbings?\nFirst generate a step-by-step solution, then answer the question using a single word or phrase."}, {"from": "assistant", "value": "Solution:\n1. Look at the row for 3 leaf rubbings.\n2. The frequency for 3 leaf rubbings is 3.\nAnswer: 3"}]}, {"image": "300.png", "conversations": [{"from": "user", "value": "Each plate has 5 pieces of cornbread. How many pieces of cornbread are on 3 plates?\nFirst generate a step-by-step solution, then answer the question using a single word or phrase."}, {"from": "assistant", "value": "Solution:\n1. Each plate has 5 pieces of cornbread.\n2. For 3 plates: 3 \u00d7 5 = 15 pieces of cornbread.\nAnswer: 15"}]}, {"image": "9710.png", "conversations": [{"from": "user", "value": "How much money does Megan need to buy 3 serving platters? (Unit: $)\nFirst generate a step-by-step solution, then answer the question using a single word or phrase."}, {"from": "assistant", "value": "Solution:\n1. The price of one serving platter is $12.\n2. To find the cost of 3 serving platters, multiply $12 by 3.\n3. $12 \u00d7 3 = $36.\nAnswer: 36"}]}, {"image": "25456.png", "conversations": [{"from": "user", "value": "A donut shop recorded how many donuts it sold in the past 4 days. On which day did the shop sell the most donuts?\nOptions:\n(A) Tuesday\n(B) Wednesday\n(C) Thursday\n(D) Friday\nFirst generate a step-by-step solution, then answer with the option\u2019s letter from the given choices directly."}, {"from": "assistant", "value": "Solution:\n1. Compare the number of donuts sold each day:\n   - Tuesday: 661\n   - Wednesday: 692\n   - Thursday: 696\n   - Friday: 629\n2. The highest number is 696 on Thursday.\nAnswer: C"}]}, {"image": "5964.png", "conversations": [{"from": "user", "value": "A school administrator who was concerned about grade inflation looked over the number of straight-A students from year to year. According to the table, what was the rate of change between 2014 and 2015? (Unit: students per year)\nFirst generate a step-by-step solution, then answer the question using a single word or phrase."}, {"from": "assistant", "value": "Solution:\n1. Number of students in 2014: 33\n2. Number of students in 2015: 14\n3. Rate of change = 14 - 33 = -19 students per year\nAnswer: -19"}]}, {"image": "37792.png", "conversations": [{"from": "user", "value": "For an assignment, Eduardo looked at which countries got the most Nobel Prizes in various decades. Of the countries shown, which country had the fewest Nobel Prize winners in the 1990s?\nOptions:\n(A) Japan\n(B) France\n(C) Germany\n(D) Canada\nFirst generate a step-by-step solution, then answer with the option\u2019s letter from the given choices directly."}, {"from": "assistant", "value": "Solution:\n1. Look at the number of Nobel Prize winners in the 1990s for each country:\n   - Japan: 1\n   - Canada: 8\n   - Germany: 7\n   - France: 3\n2. The country with the fewest winners is Japan with 1 winner.\nAnswer: A"}]}, {"image": "10864.png", "conversations": [{"from": "user", "value": "Heather likes watching the show Engineering Marvels. In last night's episode, the engineering team visited a tall skyscraper and a deep mine. A banner at the bottom of the screen showed the elevation of each location the team visited. Which location is closer to sea level?\nOptions:\n(A) top of the skyscraper\n(B) bottom of the mine\nFirst generate a step-by-step solution, then answer with the option\u2019s letter from the given choices directly."}, {"from": "assistant", "value": "Solution:\n1. Elevation of the top of the skyscraper: 275 m.\n2. Elevation of the bottom of the mine: -260 m.\n3. Distance from sea level for the skyscraper: 275 m.\n4. Distance from sea level for the mine: 260 m.\n5. The bottom of the mine is closer to sea level because 260 m is less than 275 m.\n\nAnswer: B"}]}, {"image": "20424.png", "conversations": [{"from": "user", "value": "The art club examined how many cookies each student baked for the bake sale. Who baked the fewest cookies?\nOptions:\n(A) Devon\n(B) Connor\n(C) James\n(D) Roy\nFirst generate a step-by-step solution, then answer with the option\u2019s letter from the given choices directly."}, {"from": "assistant", "value": "Solution:\n1. Compare the number of cookies each person baked:\n   - Devon: 178\n   - Connor: 117\n   - James: 181\n   - Roy: 187\n2. Connor baked the fewest cookies with 117.\nAnswer: B"}]}, {"image": "22646.png", "conversations": [{"from": "user", "value": "Professor Wyatt informed his students of their scores on the midterm exam. What is the highest score? (Unit: points)\nFirst generate a step-by-step solution, then answer the question using a single word or phrase."}, {"from": "assistant", "value": "Solution:\n1. The stem-and-leaf plot shows the scores: 60, 61, 68, 69, 70, 71, 84, 86, 87, 88, 88, 90.\n2. The highest score listed is 90.\nAnswer: 90"}]}, {"image": "22116.png", "conversations": [{"from": "user", "value": "Kate has $2.00. Does she have enough to buy a bottle of nail polish and a barrette?\nOptions:\n(A) yes\n(B) no\nFirst generate a step-by-step solution, then answer with the option\u2019s letter from the given choices directly."}, {"from": "assistant", "value": "Solution:\n1. Price of a bottle of nail polish: $0.95\n2. Price of a barrette: $0.99\n3. Total cost: $0.95 + $0.99 = $1.94\n4. Kate has $2.00, which is more than $1.94.\nAnswer: A"}]}, {"image": "2961.png", "conversations": [{"from": "user", "value": "Farid kept track of the number of games his soccer team won each year. According to the table, what was the rate of change between 2017 and 2018? (Unit: games per year)\nFirst generate a step-by-step solution, then answer the question using a single word or phrase."}, {"from": "assistant", "value": "Solution:\n1. Games won in 2017: 25\n2. Games won in 2018: 3\n3. Rate of change = Games won in 2018 - Games won in 2017 = 3 - 25 = -22 games per year.\nAnswer: -22"}]}, {"image": "27491.png", "conversations": [{"from": "user", "value": "The manager of a party supply store researched how many balloons it sold in the past 7 days. What is the mode of the numbers?\nFirst generate a step-by-step solution, then answer the question using a single word or phrase."}, {"from": "assistant", "value": "Solution:\n1. List the numbers: 25, 21, 25, 23, 23, 23, 21.\n2. Count the frequency of each number:\n   - 25 appears 2 times.\n   - 21 appears 2 times.\n   - 23 appears 3 times.\n3. The number that appears most frequently is 23.\nAnswer: 23"}]}, {"image": "766.png", "conversations": [{"from": "user", "value": "A veterinarian weighed all the dogs that visited her office last month. How many dogs weighed at least 20 pounds? (Unit: dogs)\nFirst generate a step-by-step solution, then answer the question using a single word or phrase."}, {"from": "assistant", "value": "Solution:\n1. Identify weights at least 20 pounds: stems 2, 3, 4, 5, 6, 7, and 8.\n2. Count the leaves for these stems:\n   - Stem 2: 4 leaves (20, 23, 25, 26)\n   - Stem 3: 2 leaves (31, 31)\n   - Stem 4: 5 leaves (41, 43, 43, 43, 49)\n   - Stem 5: 4 leaves (50, 52, 53, 58)\n   - Stem 6: 2 leaves (64, 68)\n   - Stem 7: 4 leaves (70, 71, 72, 76)\n   - Stem 8: 2 leaves (80, 89)\n3. Total dogs = 4 + 2 + 5 + 4 + 2 + 4 + 2 = 23 dogs.\nAnswer: 23"}]}, {"image": "13559.png", "conversations": [{"from": "user", "value": "Look at the following schedule. Which class ends at 1.25 P.M.?\nOptions:\n(A) western dance class\n(B) hip hop dance class\n(C) intermediate ballet class\n(D) beginning ballet class\nFirst generate a step-by-step solution, then answer with the option\u2019s letter from the given choices directly."}, {"from": "assistant", "value": "Solution:\n1. Look at the \"End\" times in the schedule.\n2. Identify the class that ends at 1:25 P.M.\n3. The hip hop dance class ends at 1:25 P.M.\nAnswer: B"}]}, {"image": "24675.png", "conversations": [{"from": "user", "value": "Nora's class tracked how many newspapers each student collected for their recycling project. What is the range of the numbers?\nFirst generate a step-by-step solution, then answer the question using a single word or phrase."}, {"from": "assistant", "value": "Solution:\n1. Identify the highest number: 60 (Nora).\n2. Identify the lowest number: 45 (Gavin).\n3. Calculate the range: 60 - 45 = 15.\nAnswer: 15"}]}, {"image": "33194.png", "conversations": [{"from": "user", "value": "Compare pattern A to pattern B. Which statement is true? \nOptions:\n(A) Each term in pattern B is 4 times the corresponding term in pattern A.\n(B) Each term in pattern B can be found by multiplying the corresponding term in pattern A by 3 and then adding 4.\nFirst generate a step-by-step solution, then answer with the option\u2019s letter from the given choices directly."}, {"from": "assistant", "value": "Solution:\n1. Compare each term in Pattern B with Pattern A:\n   - Pattern A: 0, 6, 12, 18\n   - Pattern B: 4, 22, 40, 58\n\n2. Check option (A):\n   - 4 times Pattern A: 0, 24, 48, 72 (does not match Pattern B)\n\n3. Check option (B):\n   - Multiply each term in Pattern A by 3 and add 4:\n     - \\(0 \\times 3 + 4 = 4\\)\n     - \\(6 \\times 3 + 4 = 22\\)\n     - \\(12 \\times 3 + 4 = 40\\)\n     - \\(18 \\times 3 + 4 = 58\\)\n   - These match Pattern B.\n\nAnswer: B"}]}, {"image": "38252.png", "conversations": [{"from": "user", "value": "While hanging Christmas lights for neighbors, Jack counted the number of broken lights on each string. What is the largest number of broken lights? (Unit: broken lights)\nFirst generate a step-by-step solution, then answer the question using a single word or phrase."}, {"from": "assistant", "value": "Solution:\n1. The largest stem is 9.\n2. The leaf for stem 9 is 0, so the number is 90.\n3. Therefore, the largest number of broken lights is 90.\nAnswer: 90"}]}, {"image": "27834.png", "conversations": [{"from": "user", "value": "How much money does Emilio need to buy a whole sand dollar and a beautiful yellow shell? (Unit: $)\nFirst generate a step-by-step solution, then answer the question using a single word or phrase."}, {"from": "assistant", "value": "Solution:\n1. The price of a whole sand dollar is $0.94.\n2. The price of a beautiful yellow shell is $0.11.\n3. Add the prices: $0.94 + $0.11 = $1.05.\nAnswer: $1.05"}]}, {"image": "6557.png", "conversations": [{"from": "user", "value": "Look at the table. Then answer the question. At a price of $1,175, is there a shortage or a surplus?\nOptions:\n(A) shortage\n(B) surplus\nFirst generate a step-by-step solution, then answer with the option\u2019s letter from the given choices directly."}, {"from": "assistant", "value": "Solution:\n1. At a price of $1,175, the quantity demanded is 6,100.\n2. The quantity supplied is 7,400.\n3. Since the quantity supplied (7,400) is greater than the quantity demanded (6,100), there is a surplus.\nAnswer: B"}]}, {"image": "14280.png", "conversations": [{"from": "user", "value": "For a class project, students in Mr. King's biology course counted the number of red and gray squirrels at each of the local parks. How many more gray squirrels than red squirrels are there in Oak Park? (Unit: gray squirrels)\nFirst generate a step-by-step solution, then answer the question using a single word or phrase."}, {"from": "assistant", "value": "Solution:\n1. In Oak Park, there are 19 gray squirrels and 6 red squirrels.\n2. Calculate the difference: 19 - 6 = 13.\nAnswer: 13"}]}, {"image": "24543.png", "conversations": [{"from": "user", "value": "Look at this table. Is this relation a function?\nOptions:\n(A) yes\n(B) no\nFirst generate a step-by-step solution, then answer with the option\u2019s letter from the given choices directly."}, {"from": "assistant", "value": "Solution:\n1. A relation is a function if each input \\( x \\) has exactly one output \\( y \\).\n2. Check the \\( x \\) values: 14, 5, 14.\n3. The \\( x \\) value 14 is paired with two different \\( y \\) values (5 and 13).\n4. Since an input has more than one output, it is not a function.\nAnswer: B"}]}, {"image": "32850.png", "conversations": [{"from": "user", "value": "An agricultural agency is researching how much cheese people have been eating in different parts of the world. How much more cheese did Germany consume per capita in 2006 than in 1996? (Unit: kg)\nFirst generate a step-by-step solution, then answer the question using a single word or phrase."}, {"from": "assistant", "value": "Solution:\n1. Germany's cheese consumption in 1996 was 12 kg.\n2. In 2006, it was 20 kg.\n3. The difference is 20 kg - 12 kg = 8 kg.\nAnswer: 8"}]}, {"image": "28618.png", "conversations": [{"from": "user", "value": "A bus driver paid attention to how many passengers her bus had each day. On which day did the bus have the fewest passengers?\nOptions:\n(A) Thursday\n(B) Friday\n(C) Saturday\n(D) Sunday\nFirst generate a step-by-step solution, then answer with the option\u2019s letter from the given choices directly."}, {"from": "assistant", "value": "Solution:\n1. Compare the number of people for each day:\n   - Thursday: 212\n   - Friday: 216\n   - Saturday: 226\n   - Sunday: 261\n2. The fewest passengers were on Thursday with 212 people.\nAnswer: A"}]}, {"image": "1728.png", "conversations": [{"from": "user", "value": "For Earth Day, Salem High's environmental club tracked the number of seeds planted by its members. How many members planted exactly 2 seeds?\nFirst generate a step-by-step solution, then answer the question using a single word or phrase."}, {"from": "assistant", "value": "Solution:\n1. Look at the row for \"2 seeds planted.\"\n2. The frequency for 2 seeds is 8.\nAnswer: 8"}]}, {"image": "32447.png", "conversations": [{"from": "user", "value": "Each package has 10 buttons. How many buttons are in 3 packages?\nFirst generate a step-by-step solution, then answer the question using a single word or phrase."}, {"from": "assistant", "value": "Solution:\n1. Each package contains 10 buttons.\n2. For 3 packages, calculate 3 \u00d7 10 = 30.\nAnswer: 30"}]}, {"image": "2165.png", "conversations": [{"from": "user", "value": "Abdul went to the store and bought 2.2 pounds of butterscotch pudding. How much did he spend? (Unit: $)\nFirst generate a step-by-step solution, then answer the question using a single word or phrase."}, {"from": "assistant", "value": "Solution:\n1. The cost of butterscotch pudding is $7 per pound.\n2. Abdul bought 2.2 pounds.\n3. Total cost = 2.2 pounds \u00d7 $7 per pound = $15.40.\nAnswer: 15.40"}]}, {"image": "35036.png", "conversations": [{"from": "user", "value": "Sebastian buys 3 kilograms of 50-mm washers. What is the total cost? (Unit: $)\nFirst generate a step-by-step solution, then answer the question using a single word or phrase."}, {"from": "assistant", "value": "Solution:\n1. The cost of 50-mm washers is $3.37 per kg.\n2. Sebastian buys 3 kg of washers.\n3. Total cost = 3 kg \u00d7 $3.37/kg = $10.11.\nAnswer: 10.11"}]}, {"image": "17216.png", "conversations": [{"from": "user", "value": "The shop teacher, Mr. Logan, wrote down how many picture frames the students made last week. How many students made fewer than 2 picture frames?\nFirst generate a step-by-step solution, then answer the question using a single word or phrase."}, {"from": "assistant", "value": "Solution:\n1. Students who made 0 frames: 12\n2. Students who made 1 frame: 15\n3. Total students who made fewer than 2 frames = 12 + 15 = 27\nAnswer: 27"}]}, {"image": "9246.png", "conversations": [{"from": "user", "value": "For an economics project, Quincy determined the cost of ferry rides for bicycles and cars. How much higher is the fare for a car on the Fauntleroy-Vashon ferry than on the Mukilteu-Clinton ferry? (Unit: $)\nFirst generate a step-by-step solution, then answer the question using a single word or phrase."}, {"from": "assistant", "value": "Solution:\n1. The car fare for the Fauntleroy-Vashon ferry is $15.\n2. The car fare for the Mukilteu-Clinton ferry is $7.\n3. The difference is $15 - $7 = $8.\nAnswer: $8"}]}, {"image": "14869.png", "conversations": [{"from": "user", "value": "A reporter looked through his notebook to remember how many people he had interviewed in the past 6 days. What is the range of the numbers?\nFirst generate a step-by-step solution, then answer the question using a single word or phrase."}, {"from": "assistant", "value": "Solution:\n1. List the numbers: 9, 5, 8, 5, 4, 6.\n2. Identify the smallest number: 4.\n3. Identify the largest number: 9.\n4. Calculate the range: 9 - 4 = 5.\nAnswer: 5"}]}, {"image": "15053.png", "conversations": [{"from": "user", "value": "As part of a statistics project, a math class weighed all the children who were willing to participate. How many children weighed exactly 25 pounds? (Unit: children)\nFirst generate a step-by-step solution, then answer the question using a single word or phrase."}, {"from": "assistant", "value": "Solution:\n1. The stem \"2\" corresponds to the tens place, and the leaf \"9\" corresponds to the units place, indicating a weight of 29 pounds.\n2. There is no leaf \"5\" in the stem \"2\" row.\n3. Therefore, no children weighed exactly 25 pounds.\nAnswer: 0"}]}, {"image": "33731.png", "conversations": [{"from": "user", "value": "An employee at the craft store counted the number of red buttons in each bag of mixed buttons. What is the smallest number of red buttons? (Unit: red buttons)\nFirst generate a step-by-step solution, then answer the question using a single word or phrase."}, {"from": "assistant", "value": "Solution:\n1. Look at the smallest stem, which is 4.\n2. The smallest leaf in the row with stem 4 is 7.\n3. Therefore, the smallest number of red buttons is 47.\nAnswer: 47"}]}, {"image": "6601.png", "conversations": [{"from": "user", "value": "How much money does Reba need to buy a fleece blanket and a flannel sheet? (Unit: $)\nFirst generate a step-by-step solution, then answer the question using a single word or phrase."}, {"from": "assistant", "value": "Solution:\n1. The price of a fleece blanket is $15.00.\n2. The price of a flannel sheet is $16.00.\n3. Total cost is $15.00 + $16.00 = $31.00.\nAnswer: $31.00"}]}, {"image": "16544.png", "conversations": [{"from": "user", "value": "Darnel purchased 4 pounds of rocks, 2 pounds of black sand, and 4 pounds of fine gravel. What was the total cost? (Unit: $)\nFirst generate a step-by-step solution, then answer the question using a single word or phrase."}, {"from": "assistant", "value": "Solution:\n1. Rocks cost $3 per pound. For 4 pounds: \\(4 \\times 3 = 12\\).\n2. Black sand costs $3 per pound. For 2 pounds: \\(2 \\times 3 = 6\\).\n3. Fine gravel costs $3 per pound. For 4 pounds: \\(4 \\times 3 = 12\\).\n4. Total cost: \\(12 + 6 + 12 = 30\\).\nAnswer: 30"}]}, {"image": "22212.png", "conversations": [{"from": "user", "value": "In trying to calculate how much money could be saved by packing lunch, Pete recorded the amount he spent on lunch each day. According to the table, what was the rate of change between Monday and Tuesday? (Unit: $, per day)\nFirst generate a step-by-step solution, then answer the question using a single word or phrase."}, {"from": "assistant", "value": "Solution:\n1. Amount spent on Monday: $3\n2. Amount spent on Tuesday: $4\n3. Rate of change = Tuesday's amount - Monday's amount = $4 - $3 = $1\nAnswer: $1"}]}, {"image": "1965.png", "conversations": [{"from": "user", "value": "Omar found a list of the number of roller coasters at each amusement park in the state. How many amusement parks have at least 10 roller coasters but fewer than 30 roller coasters? (Unit: amusement parks)\nFirst generate a step-by-step solution, then answer the question using a single word or phrase."}, {"from": "assistant", "value": "Solution:\n1. Identify the numbers between 10 and 30 from the stem-and-leaf plot:\n   - Stem 1: 10, 10, 10, 14\n   - Stem 2: 20, 24, 25, 26, 29, 29\n2. Count the numbers: 10, 10, 10, 14, 20, 24, 25, 26, 29, 29.\n3. There are 10 numbers in total.\nAnswer: 10"}]}, {"image": "22556.png", "conversations": [{"from": "user", "value": "How much money does Natalie need to buy 2 ladders? (Unit: $)\nFirst generate a step-by-step solution, then answer the question using a single word or phrase."}, {"from": "assistant", "value": "Solution:\n1. The price of one ladder is $30.84.\n2. For 2 ladders, calculate \\(2 \\times 30.84 = 61.68\\).\nAnswer: 61.68"}]}, {"image": "5848.png", "conversations": [{"from": "user", "value": "For Earth Day, Dover High's environmental club tracked the number of seeds planted by its members. How many people did not plant any seeds?\nFirst generate a step-by-step solution, then answer the question using a single word or phrase."}, {"from": "assistant", "value": "Solution:\n1. Look at the frequency for 0 seeds planted.\n2. The frequency is 13.\nAnswer: 13"}]}, {"image": "28355.png", "conversations": [{"from": "user", "value": "How much money does Gabby need to buy an antique birchwood dining table, an antique rosewood corner cabinet, and an antique cherry bookcase? (Unit: $)\nFirst generate a step-by-step solution, then answer the question using a single word or phrase."}, {"from": "assistant", "value": "Solution:\n1. Price of antique birchwood dining table: $4,694\n2. Price of antique rosewood corner cabinet: $1,869\n3. Price of antique cherry bookcase: $5,671\n4. Total cost = $4,694 + $1,869 + $5,671 = $12,234\nAnswer: $12,234"}]}, {"image": "1211.png", "conversations": [{"from": "user", "value": "A hot dog stand kept track of the number of hot dogs sold each day. On which day did the stand sell the fewest hot dogs?\nOptions:\n(A) Sunday\n(B) Monday\n(C) Tuesday\n(D) Wednesday\nFirst generate a step-by-step solution, then answer with the option\u2019s letter from the given choices directly."}, {"from": "assistant", "value": "Solution:\n1. Number of hot dogs sold each day: Sunday - 13, Monday - 14, Tuesday - 12, Wednesday - 16.\n2. The fewest hot dogs were sold on Tuesday with 12 hot dogs.\nAnswer: C"}]}, {"image": "13486.png", "conversations": [{"from": "user", "value": "How much more does a pumpkin cost than a yellow pepper? (Unit: $)\nFirst generate a step-by-step solution, then answer the question using a single word or phrase."}, {"from": "assistant", "value": "Solution:\n1. The cost of a pumpkin is $4.99.\n2. The cost of a yellow pepper is $1.29.\n3. Subtract the cost of the yellow pepper from the cost of the pumpkin: $4.99 - $1.29 = $3.70.\nAnswer: $3.70"}]}, {"image": "17410.png", "conversations": [{"from": "user", "value": "How much would it cost to buy 5 pounds of crookneck squash? (Unit: $)\nFirst generate a step-by-step solution, then answer the question using a single word or phrase."}, {"from": "assistant", "value": "Solution:\n1. The price of crookneck squash is $3 per pound.\n2. For 5 pounds, the cost is 5 pounds \u00d7 $3/pound = $15.\nAnswer: $15"}]}, {"image": "29125.png", "conversations": [{"from": "user", "value": "Bonnie looked at her e-mail outbox to see how many e-mails she sent each day. What is the range of the numbers?\nFirst generate a step-by-step solution, then answer the question using a single word or phrase."}, {"from": "assistant", "value": "Solution:\n1. List the number of e-mails: 5, 7, 3, 4, 3, 3, 3.\n2. Identify the maximum number: 7.\n3. Identify the minimum number: 3.\n4. Calculate the range: 7 - 3 = 4.\nAnswer: 4"}]}, {"image": "26503.png", "conversations": [{"from": "user", "value": "At a swim meet, Grayson noted the size of various swim teams. How many teams have at least 37 swimmers? (Unit: teams)\nFirst generate a step-by-step solution, then answer the question using a single word or phrase."}, {"from": "assistant", "value": "Solution:\n1. Convert the stem and leaf to actual numbers: 20, 22, 22, 24, 26, 27, 27, 35, 36, 43, 52, 53, 66, 68, 72, 73, 79, 80, 81, 86, 89, 90.\n2. Identify numbers that are at least 37: 43, 52, 53, 66, 68, 72, 73, 79, 80, 81, 86, 89, 90.\n3. Count these numbers: There are 13 teams.\nAnswer: 13"}]}, {"image": "11545.png", "conversations": [{"from": "user", "value": "A gymnast jotted down the number of cartwheels she did each day. What is the mode of the numbers?\nFirst generate a step-by-step solution, then answer the question using a single word or phrase."}, {"from": "assistant", "value": "Solution:\n1. List the numbers: 8, 9, 10, 9, 9, 10, 8.\n2. Count the frequency of each number:\n   - 8 appears 2 times.\n   - 9 appears 3 times.\n   - 10 appears 2 times.\n3. The mode is the number that appears most frequently, which is 9.\nAnswer: 9"}]}, {"image": "7613.png", "conversations": [{"from": "user", "value": "Leah purchased 2 pounds of dried mango, 5 pounds of raisins, and 4 pounds of dried pear. What was the total cost? (Unit: $)\nFirst generate a step-by-step solution, then answer the question using a single word or phrase."}, {"from": "assistant", "value": "Solution:\n1. Dried mango: $3.23 per lb \u00d7 2 lbs = $6.46\n2. Raisins: $3.53 per lb \u00d7 5 lbs = $17.65\n3. Dried pear: $2.07 per lb \u00d7 4 lbs = $8.28\n4. Total cost = $6.46 + $17.65 + $8.28 = $32.39\nAnswer: $32.39"}]}, {"image": "37442.png", "conversations": [{"from": "user", "value": "An agricultural agency is researching how much cheese people have been eating in different parts of the world. Which country consumed the most cheese per capita in 2006?\nOptions:\n(A) Austria\n(B) Argentina\n(C) Australia\n(D) Canada\nFirst generate a step-by-step solution, then answer with the option\u2019s letter from the given choices directly."}, {"from": "assistant", "value": "Solution:\n1. Check the 2006 cheese consumption for each country:\n   - Australia: 10 kg\n   - Argentina: 11 kg\n   - Canada: 11 kg\n   - Austria: 17 kg\n2. Identify the highest value, which is 17 kg for Austria.\nAnswer: A"}]}, {"image": "1498.png", "conversations": [{"from": "user", "value": "Dr. Sweeney, a zoo director, researched ticket prices at other zoos around the country. How much more does a senior ticket cost at the Bronx Zoo than at the Houston Zoo? (Unit: $)\nFirst generate a step-by-step solution, then answer the question using a single word or phrase."}, {"from": "assistant", "value": "Solution:\n1. Senior ticket price at the Bronx Zoo is $13.\n2. Senior ticket price at the Houston Zoo is $6.\n3. The difference is $13 - $6 = $7.\nAnswer: $7"}]}, {"image": "7171.png", "conversations": [{"from": "user", "value": "Ellen counted the number of pairs of shoes for sale at each of the shoe stores in the mall. How many stores have exactly 15 pairs of shoes?\nFirst generate a step-by-step solution, then answer the question using a single word or phrase."}, {"from": "assistant", "value": "Solution:\n1. The stem \"1\" with leaf \"9\" represents 19 pairs.\n2. The stem \"2\" with leaves \"2\" and \"9\" represents 22 and 29 pairs.\n3. The stem \"3\" with leaves \"5\" and \"6\" represents 35 and 36 pairs.\n4. The stem \"4\" with leaves \"5\" and \"6\" represents 45 and 46 pairs.\n5. The stem \"5\" with leaves \"0\", \"4\", and \"7\" represents 50, 54, and 57 pairs.\n6. The stem \"6\" with leaves \"6\" and \"9\" represents 66 and 69 pairs.\n7. The stem \"7\" with leaf \"3\" represents 73 pairs.\n8. No leaves with the stem \"1\" represent 15 pairs.\nAnswer: 0"}]}, {"image": "23197.png", "conversations": [{"from": "user", "value": "A marketing research firm asked people how many times they visited the mall last month. How many people went to the mall at least 3 times?\nFirst generate a step-by-step solution, then answer the question using a single word or phrase."}, {"from": "assistant", "value": "Solution:\n1. The frequency of people who went to the mall 3 times is 13.\n2. The frequency of people who went to the mall 4 times is 20.\n3. Add these frequencies: 13 + 20 = 33.\nAnswer: 33"}]}, {"image": "13810.png", "conversations": [{"from": "user", "value": "The newspaper photographer logged how many pictures he had taken during the past 7 days. What is the median of the numbers?\nFirst generate a step-by-step solution, then answer the question using a single word or phrase."}, {"from": "assistant", "value": "Solution:\n1. List the numbers in ascending order: 88, 91, 92, 92, 94, 100, 100.\n2. The fourth number is the median, which is 92.\nAnswer: 92"}]}, {"image": "32289.png", "conversations": [{"from": "user", "value": "Look at the following schedule. Which event begins at 5.40 P.M.?\nOptions:\n(A) women's tennis match\n(B) gymnastics meet\n(C) men's tennis match\n(D) rowing regatta\nFirst generate a step-by-step solution, then answer with the option\u2019s letter from the given choices directly."}, {"from": "assistant", "value": "Solution:\n1. Check the \"Begin\" times for each event.\n2. The gymnastics meet begins at 5:40 P.M.\nAnswer: B"}]}, {"image": "21365.png", "conversations": [{"from": "user", "value": "Franklin paid attention to how many comic strips he read in the past 5 days. What is the range of the numbers?\nFirst generate a step-by-step solution, then answer the question using a single word or phrase."}, {"from": "assistant", "value": "Solution:\n1. List the numbers: 16, 16, 12, 15, 11.\n2. Identify the maximum number: 16.\n3. Identify the minimum number: 11.\n4. Calculate the range: 16 - 11 = 5.\nAnswer: 5"}]}, {"image": "36258.png", "conversations": [{"from": "user", "value": "Mitchell has $53. Does he have enough to buy a calculator and a blender?\nOptions:\n(A) yes\n(B) no\nFirst generate a step-by-step solution, then answer with the option\u2019s letter from the given choices directly."}, {"from": "assistant", "value": "Solution:\n1. The price of the calculator is $35.\n2. The price of the blender is $19.\n3. The total cost is $35 + $19 = $54.\n4. Mitchell has $53, which is less than $54.\nAnswer: B"}]}, {"image": "13013.png", "conversations": [{"from": "user", "value": "A machine dispensed red gumdrops into bags of various sizes. How many bags had less than 30 red gumdrops? (Unit: bags)\nFirst generate a step-by-step solution, then answer the question using a single word or phrase."}, {"from": "assistant", "value": "Solution:\n1. Interpret the stem-and-leaf plot:\n   - \"2 | 4 7 9\" represents 24, 27, 29\n   - \"3 | 1 2 8 8\" represents 31, 32, 38, 38\n   - \"4 |\" and \"5 |\" represent numbers 40 and above.\n2. Count the numbers less than 30: 24, 27, 29.\n3. There are 3 numbers less than 30.\nAnswer: 3"}]}, {"image": "2599.png", "conversations": [{"from": "user", "value": "Natalie has $0.64. Does she have enough to buy a four-inch nail and a light bulb?\nOptions:\n(A) yes\n(B) no\nFirst generate a step-by-step solution, then answer with the option\u2019s letter from the given choices directly."}, {"from": "assistant", "value": "Solution:\n1. The cost of a four-inch nail is $0.19.\n2. The cost of a light bulb is $0.41.\n3. Total cost = $0.19 + $0.41 = $0.60.\n4. Natalie has $0.64, which is more than $0.60.\nAnswer: A"}]}, {"image": "28139.png", "conversations": [{"from": "user", "value": "How much more does a book about art cost than a book about basketball? (Unit: $)\nFirst generate a step-by-step solution, then answer the question using a single word or phrase."}, {"from": "assistant", "value": "Solution:\n1. The cost of the book about art is $23.00.\n2. The cost of the book about basketball is $12.00.\n3. The difference is $23.00 - $12.00 = $11.00.\nAnswer: 11.00"}]}, {"image": "33744.png", "conversations": [{"from": "user", "value": "Amanda is looking at the price of new cell phones online. Her favorite company, OrangeTech, has a special this weekend. Amanda can add an upgrade to a phone for an additional cost, or she can buy a used phone to get a discount. The change in price for each option is shown in the table. Which option results in a greater change in price?\nOptions:\n(A) adding an upgrade\n(B) buying a used phone\nFirst generate a step-by-step solution, then answer with the option\u2019s letter from the given choices directly."}, {"from": "assistant", "value": "Solution:\n1. Adding an upgrade increases the price by $60.\n2. Buying a used phone decreases the price by $75.\n3. The absolute change for adding an upgrade is 60, and for buying a used phone is 75.\n4. A greater change in price is represented by the larger absolute value, which is 75.\nAnswer: B"}]}, {"image": "8836.png", "conversations": [{"from": "user", "value": "Hansen purchased 2 pounds of metal beads. What was the total cost? (Unit: $)\nFirst generate a step-by-step solution, then answer the question using a single word or phrase."}, {"from": "assistant", "value": "Solution:\n1. The cost of metal beads is $6.05 per pound.\n2. Hansen purchased 2 pounds.\n3. Total cost = 2 pounds \u00d7 $6.05/pound = $12.10.\nAnswer: $12.10"}]}, {"image": "27099.png", "conversations": [{"from": "user", "value": "Destiny has $1.00. Does she have enough to buy a piece of red and purple stationery and a white note card?\nOptions:\n(A) yes\n(B) no\nFirst generate a step-by-step solution, then answer with the option\u2019s letter from the given choices directly."}, {"from": "assistant", "value": "Solution:\n1. The cost of the red and purple stationery is $0.67.\n2. The cost of the white note card is $0.22.\n3. The total cost is $0.67 + $0.22 = $0.89.\n4. Destiny has $1.00, which is more than $0.89.\nAnswer: A"}]}, {"image": "28801.png", "conversations": [{"from": "user", "value": "A food industry researcher compiled the revenues of several pizzerias. How much more did The Real Chicago make from cheese pizza sales than from supreme pizza sales? (Unit: $)\nFirst generate a step-by-step solution, then answer the question using a single word or phrase."}, {"from": "assistant", "value": "Solution:\n1. The Real Chicago made $13 from cheese pizzas.\n2. The Real Chicago made $5 from supreme pizzas.\n3. The difference is $13 - $5 = $8.\nAnswer: $8"}]}, {"image": "34586.png", "conversations": [{"from": "user", "value": "A real estate agent counted the number of offices per floor in the building she is selling. What is the smallest number of offices? (Unit: offices)\nFirst generate a step-by-step solution, then answer the question using a single word or phrase."}, {"from": "assistant", "value": "Solution:\n1. The stem-and-leaf plot shows the smallest leaf under the stem \"3,\" which is 0.\n2. Therefore, the smallest number of offices is 30.\nAnswer: 30"}]}, {"image": "25722.png", "conversations": [{"from": "user", "value": "Look at the following schedule. When does the milking demonstration end?\nOptions:\n(A) 11:45 A.M.\n(B) 8:20 A.M.\n(C) 6:05 A.M.\n(D) 11:05 A.M.\nFirst generate a step-by-step solution, then answer with the option\u2019s letter from the given choices directly."}, {"from": "assistant", "value": "Solution:\n1. Find the row for the milking demonstration.\n2. The end time listed is 11:45 A.M.\nAnswer: A"}]}, {"image": "3570.png", "conversations": [{"from": "user", "value": "A farmer wrote down how many kilograms of cherries were sold in the past 4 days. On which day were the most kilograms of cherries sold?\nOptions:\n(A) Thursday\n(B) Friday\n(C) Saturday\n(D) Sunday\nFirst generate a step-by-step solution, then answer with the option\u2019s letter from the given choices directly."}, {"from": "assistant", "value": "Solution:\n1. Thursday: 184 kg\n2. Friday: 114 kg\n3. Saturday: 189 kg\n4. Sunday: 148 kg\n5. The highest number is 189 kg on Saturday.\nAnswer: C"}]}, {"image": "15850.png", "conversations": [{"from": "user", "value": "Tina found out the sizes of all the clubs at her school. How many clubs have at least 20 members but fewer than 30 members?\nFirst generate a step-by-step solution, then answer the question using a single word or phrase."}, {"from": "assistant", "value": "Solution:\n1. The stem \"2\" represents numbers in the 20s. The leaves for this stem are 0, 3, 3, 5, 7.\n2. This gives the numbers: 20, 23, 23, 25, 27.\n3. Count the numbers: 20, 23, 23, 25, 27.\n4. There are 5 numbers in this range.\nAnswer: 5"}]}, {"image": "33240.png", "conversations": [{"from": "user", "value": "How much money does Rick need to buy a flannel sheet and a yellow bath towel? (Unit: $)\nFirst generate a step-by-step solution, then answer the question using a single word or phrase."}, {"from": "assistant", "value": "Solution:\n1. The price of a flannel sheet is $17.\n2. The price of a yellow bath towel is $15.\n3. Total cost is $17 + $15 = $32.\nAnswer: 32"}]}, {"image": "18701.png", "conversations": [{"from": "user", "value": "Paul, a doctor's office receptionist, tracked the average waiting time at the office each month. According to the table, what was the rate of change between May and June? (Unit: minutes per month)\nFirst generate a step-by-step solution, then answer the question using a single word or phrase."}, {"from": "assistant", "value": "Solution:\n1. The waiting time in May is 18 minutes.\n2. The waiting time in June is 21 minutes.\n3. The rate of change is calculated as June time minus May time: 21 - 18 = 3 minutes.\nAnswer: 3"}]}, {"image": "26914.png", "conversations": [{"from": "user", "value": "How much would it cost to buy 1/2 of a pound of chocolate chip cookie dough? (Unit: $)\nFirst generate a step-by-step solution, then answer the question using a single word or phrase."}, {"from": "assistant", "value": "Solution:\n1. The cost of chocolate chip cookie dough is $7 per pound.\n2. To find the cost for 1/2 pound, calculate \\(7 \\times \\frac{1}{2} = 3.5\\).\nAnswer: 3.5"}]}, {"image": "14427.png", "conversations": [{"from": "user", "value": "A wilderness retail store asked a consulting company to do an analysis of their hiking shoe customers. The consulting company gathered data from each customer that purchased hiking shoes, and recorded the shoe brand and the customer's level of happiness. What is the probability that a randomly selected customer purchased a Footlong shoe and is displeased? Simplify any fractions.\nFirst generate a step-by-step solution, then answer the question using a single word or phrase."}, {"from": "assistant", "value": "Solution:\n1. Total customers for Footlong shoe: 4 (displeased) + 3 (pleased) = 7.\n2. Total customers surveyed: 4 (Footlong displeased) + 3 (Footlong pleased) + 4 (Toes Knows displeased) + 5 (Toes Knows pleased) = 16.\n3. Probability of selecting a displeased Footlong customer: 4 (displeased Footlong) / 16 (total) = 1/4.\nAnswer: 1/4"}]}, {"image": "22128.png", "conversations": [{"from": "user", "value": "A stock broker followed the stock prices of a certain set of companies. Which company's stock cost less on Wednesday, White and Company or Thompson Corporation?\nOptions:\n(A) Thompson Corporation\n(B) White and Company\nFirst generate a step-by-step solution, then answer with the option\u2019s letter from the given choices directly."}, {"from": "assistant", "value": "Solution:\n1. Thompson Corporation's stock price on Wednesday was $3.\n2. White and Company's stock price on Wednesday was $10.\n3. Comparing the two, $3 is less than $10.\nAnswer: A"}]}, {"image": "21139.png", "conversations": [{"from": "user", "value": "A restaurant's average food preparation time was tracked from day to day as part of an efficiency improvement program. According to the table, what was the rate of change between Thursday and Friday? (Unit: minutes per day)\nFirst generate a step-by-step solution, then answer the question using a single word or phrase."}, {"from": "assistant", "value": "Solution:\n1. Thursday's preparation time: 28 minutes.\n2. Friday's preparation time: 36 minutes.\n3. Rate of change = Friday's time - Thursday's time = 36 - 28 = 8 minutes per day.\nAnswer: 8"}]}, {"image": "32832.png", "conversations": [{"from": "user", "value": "How much more does a Jamaican vacation package cost than a European vacation package? (Unit: $)\nFirst generate a step-by-step solution, then answer the question using a single word or phrase."}, {"from": "assistant", "value": "Solution:\n1. Jamaican vacation package costs $900.00.\n2. European vacation package costs $733.00.\n3. Difference: $900.00 - $733.00 = $167.00.\nAnswer: 167.00"}]}, {"image": "31505.png", "conversations": [{"from": "user", "value": "Convinced that she could do well as a competitor, Lucy tracked the scores on a TV game show over the course of a week. How many people scored 6?\nFirst generate a step-by-step solution, then answer the question using a single word or phrase."}, {"from": "assistant", "value": "Solution:\n1. Look at the frequency for the score of 6.\n2. The frequency is 16.\nAnswer: 16"}]}, {"image": "30334.png", "conversations": [{"from": "user", "value": "Some candy companies compared how many pieces of candy they have produced. Together, how many pieces of candy have Sugary Candies and Sweet Things produced? (Unit: pieces of candy)\nFirst generate a step-by-step solution, then answer the question using a single word or phrase."}, {"from": "assistant", "value": "Solution:\n1. Sugary Candies produced 7,674 pieces of candy.\n2. Sweet Things produced 6,974 pieces of candy.\n3. Together, they produced 7,674 + 6,974 = 14,648 pieces of candy.\nAnswer: 14,648"}]}, {"image": "32547.png", "conversations": [{"from": "user", "value": "Andrew has $2.23. How much money will Andrew have left if he buys a yellow pepper and a cucumber? (Unit: $)\nFirst generate a step-by-step solution, then answer the question using a single word or phrase."}, {"from": "assistant", "value": "Solution:\n1. Cost of a yellow pepper: $0.51\n2. Cost of a cucumber: $0.94\n3. Total cost: $0.51 + $0.94 = $1.45\n4. Money Andrew has: $2.23\n5. Money left: $2.23 - $1.45 = $0.78\nAnswer: $0.78"}]}, {"image": "24158.png", "conversations": [{"from": "user", "value": "A pizza chef recalled how many pizzas she had made during the past 5 days. What is the range of the numbers?\nFirst generate a step-by-step solution, then answer the question using a single word or phrase."}, {"from": "assistant", "value": "Solution:\n1. List the number of pizzas: 66, 70, 67, 72, 71.\n2. Identify the maximum number: 72.\n3. Identify the minimum number: 66.\n4. Calculate the range: 72 - 66 = 6.\nAnswer: 6"}]}, {"image": "35091.png", "conversations": [{"from": "user", "value": "In science class, Maria is measuring the temperature of different chemical mixtures. The temperatures of two mixtures are shown in the table. Which mixture's temperature is closest to zero?\nOptions:\n(A) bromine mixture\n(B) acetone mixture\nFirst generate a step-by-step solution, then answer with the option\u2019s letter from the given choices directly."}, {"from": "assistant", "value": "Solution:\n1. The temperature of the bromine mixture is \\(-4\u00b0C\\).\n2. The temperature of the acetone mixture is \\(5\u00b0C\\).\n3. The absolute value of \\(-4\\) is \\(4\\), and the absolute value of \\(5\\) is \\(5\\).\n4. \\(4\\) is closer to zero than \\(5\\).\nAnswer: A"}]}, {"image": "14668.png", "conversations": [{"from": "user", "value": "Gabriel designs bow ties for a local boutique store. The store manager counted the ties currently on display, tracking them by material and shape. What is the probability that a randomly selected bow tie is shaped like a batwing and is made of cotton? Simplify any fractions.\nFirst generate a step-by-step solution, then answer the question using a single word or phrase."}, {"from": "assistant", "value": "Solution:\n1. Total number of bow ties = 2 (Butterfly, Cotton) + 2 (Butterfly, Suede) + 3 (Batwing, Cotton) + 3 (Batwing, Suede) = 10.\n2. Number of batwing cotton bow ties = 3.\n3. Probability = Number of favorable outcomes / Total number of outcomes = 3/10.\n\nAnswer: 3/10"}]}, {"image": "5099.png", "conversations": [{"from": "user", "value": "Manuel went to the store and bought 0.2 pounds of unsalted popcorn. How much did he spend? (Unit: $)\nFirst generate a step-by-step solution, then answer the question using a single word or phrase."}, {"from": "assistant", "value": "Solution:\n1. The price of unsalted popcorn is $4 per pound.\n2. Manuel bought 0.2 pounds.\n3. Calculate the cost: \\( 0.2 \\, \\text{lb} \\times 4 \\, \\text{\\$/lb} = 0.8 \\, \\text{\\$} \\).\nAnswer: 0.8"}]}, {"image": "6317.png", "conversations": [{"from": "user", "value": "Professor Yang informed his students of their scores on the midterm exam. How many students scored fewer than 100 points?\nFirst generate a step-by-step solution, then answer the question using a single word or phrase."}, {"from": "assistant", "value": "Solution:\n1. The stem-and-leaf plot shows scores in the tens and ones places.\n2. Scores are: 21, 25, 27, 34, 38, 43, 44, 55, 57, 61, 64, 72, 72, 77, 80, 82, 83, 86, 89, 90, 90.\n3. All scores are fewer than 100 points.\n4. Count the scores: There are 21 scores.\nAnswer: 21"}]}, {"image": "19214.png", "conversations": [{"from": "user", "value": "How much money does Shelley need to buy 8 radio ads and 2 online ads? (Unit: $)\nFirst generate a step-by-step solution, then answer the question using a single word or phrase."}, {"from": "assistant", "value": "Solution:\n1. Cost of one radio ad: $1,245.00\n2. Cost of 8 radio ads: 8 \u00d7 $1,245.00 = $9,960.00\n3. Cost of one online ad: $1,632.00\n4. Cost of 2 online ads: 2 \u00d7 $1,632.00 = $3,264.00\n5. Total cost: $9,960.00 + $3,264.00 = $13,224.00\nAnswer: $13,224.00"}]}, {"image": "11249.png", "conversations": [{"from": "user", "value": "Fernando has $30. Does he have enough to buy pasta with clams and pasta with pesto sauce?\nOptions:\n(A) yes\n(B) no\nFirst generate a step-by-step solution, then answer with the option\u2019s letter from the given choices directly."}, {"from": "assistant", "value": "Solution:\n1. The price of pasta with clams is $13.\n2. The price of pasta with pesto sauce is $15.\n3. Total cost for both is $13 + $15 = $28.\n4. Fernando has $30.\n5. Since $28 is less than $30, he has enough money.\n\nAnswer: A"}]}, {"image": "23049.png", "conversations": [{"from": "user", "value": "A city planner counted the number of floors per building in the downtown area. What is the largest number of floors? (Unit: floors)\nFirst generate a step-by-step solution, then answer the question using a single word or phrase."}, {"from": "assistant", "value": "Solution:\n1. The stem-and-leaf plot shows the numbers: 29, 37, 37, 48, 57, 58, 66, 76.\n2. The largest number is 76.\nAnswer: 76"}]}, {"image": "25322.png", "conversations": [{"from": "user", "value": "A machine at the candy factory dispensed different numbers of lemon-flavored candies into various bags. How many bags had exactly 65 lemon-flavored candies? (Unit: bags)\nFirst generate a step-by-step solution, then answer the question using a single word or phrase."}, {"from": "assistant", "value": "Solution:\n1. Identify the row with stem \"6\" and leaf \"5\".\n2. This represents the number 65.\n3. Count the occurrences of \"5\" in the leaf column for stem \"6\".\n4. There is 1 occurrence of \"5\".\nAnswer: 1"}]}, {"image": "6593.png", "conversations": [{"from": "user", "value": "Some friends played a trivia game and recorded their scores. Who had the lowest score?\nOptions:\n(A) Todd\n(B) Manny\n(C) Ruben\n(D) Darnell\nFirst generate a step-by-step solution, then answer with the option\u2019s letter from the given choices directly."}, {"from": "assistant", "value": "Solution:\n1. List the scores: Todd (81), Manny (85), Ruben (84), Darnell (82).\n2. Identify the lowest score: 81.\n3. Todd has the lowest score.\nAnswer: A"}]}, {"image": "28861.png", "conversations": [{"from": "user", "value": "A furniture store kept a record of how many couches it sold each day. What is the mean of the numbers?\nFirst generate a step-by-step solution, then answer the question using a single word or phrase."}, {"from": "assistant", "value": "Solution:\n1. Add the numbers: 6 + 5 + 2 + 8 + 4 = 25.\n2. Count the number of days: 5.\n3. Divide the total by the number of days: 25 \u00f7 5 = 5.\nAnswer: 5"}]}, {"image": "29482.png", "conversations": [{"from": "user", "value": "Look at the following schedule. When does the train depart from Lancaster?\nOptions:\n(A) 9:25 A.M.\n(B) 11:10 A.M.\n(C) 8:15 A.M.\n(D) 8:30 A.M.\nFirst generate a step-by-step solution, then answer with the option\u2019s letter from the given choices directly."}, {"from": "assistant", "value": "Solution:\n1. Look at the row for Lancaster.\n2. The departure time for Lancaster is 8:30 A.M.\nAnswer: D"}]}, {"image": "3347.png", "conversations": [{"from": "user", "value": "A Girl Scout troop recorded how many boxes of cookies they sold each day for a week. According to the table, what was the rate of change between Wednesday and Thursday? (Unit: boxes per day)\nFirst generate a step-by-step solution, then answer the question using a single word or phrase."}, {"from": "assistant", "value": "Solution:\n1. Number of boxes sold on Wednesday: 36\n2. Number of boxes sold on Thursday: 32\n3. Rate of change = Thursday's sales - Wednesday's sales = 32 - 36 = -4\nAnswer: -4"}]}, {"image": "29442.png", "conversations": [{"from": "user", "value": "Each shopping bag has 5 sweatshirts. How many sweatshirts are in 6 shopping bags?\nFirst generate a step-by-step solution, then answer the question using a single word or phrase."}, {"from": "assistant", "value": "Solution:\n1. Each shopping bag contains 5 sweatshirts.\n2. For 6 shopping bags, calculate 6 \u00d7 5.\n3. The total number of sweatshirts is 30.\nAnswer: 30"}]}, {"image": "36277.png", "conversations": [{"from": "user", "value": "Professor Baldwin informed her students of their scores on the midterm exam. How many students scored at least 70 points but fewer than 100 points? (Unit: students)\nFirst generate a step-by-step solution, then answer the question using a single word or phrase."}, {"from": "assistant", "value": "Solution:\n1. Identify scores from 70 to 99.\n2. Scores in the 70s: 78, 79.\n3. Scores in the 80s: 82, 82, 86, 87.\n4. Scores in the 90s: 90.\n5. Total students = 2 (70s) + 4 (80s) + 1 (90s) = 7.\nAnswer: 7"}]}, {"image": "657.png", "conversations": [{"from": "user", "value": "Look at the following schedule. Larry got on the train at Comfy Pillows Resort at 7.45 A.M. What time will he get to Happy Cow Farm?\nOptions:\n(A) 11:15 P.M.\n(B) 10:30 A.M.\n(C) 12:15 P.M.\n(D) 7:45 A.M.\nFirst generate a step-by-step solution, then answer with the option\u2019s letter from the given choices directly."}, {"from": "assistant", "value": "Solution:\n1. Larry boards the train at Comfy Pillows Resort at 7:45 A.M.\n2. The train schedule for Happy Cow Farm is 10:30 A.M., 11:30 A.M., and 11:15 P.M.\n3. The first train to Happy Cow Farm after 7:45 A.M. is at 10:30 A.M.\nAnswer: B"}]}, {"image": "5160.png", "conversations": [{"from": "user", "value": "Max, a journalism student, counted the number of pages in several major magazines. What is the largest number of pages? (Unit: pages)\nFirst generate a step-by-step solution, then answer the question using a single word or phrase."}, {"from": "assistant", "value": "Solution:\n1. The largest stem is 9, and the corresponding leaf is 0.\n2. Therefore, the largest number of pages is 90.\nAnswer: 90"}]}, {"image": "34648.png", "conversations": [{"from": "user", "value": "A sports network displayed the number of Olympic medals won by certain countries over time. How many medals did Brazil win in 1980? (Unit: medals)\nFirst generate a step-by-step solution, then answer the question using a single word or phrase."}, {"from": "assistant", "value": "Solution:\n1. Locate Brazil in the table.\n2. Check the column for the year 1980.\n3. Brazil won 4 medals in 1980.\nAnswer: 4"}]}, {"image": "6133.png", "conversations": [{"from": "user", "value": "The movie critic liked to count the number of actors in each movie she saw. How many movies had at least 58 actors? (Unit: movies)\nFirst generate a step-by-step solution, then answer the question using a single word or phrase."}, {"from": "assistant", "value": "Solution:\n1. Identify numbers with at least 58 actors: 58, 64, 65, 72, 73, 73, 78, 79, 81, 82.\n2. Count these numbers: 10 movies.\nAnswer: 10"}]}, {"image": "14993.png", "conversations": [{"from": "user", "value": "While compiling photos for an album, Russell noted the number of photographs taken by each of his friends and family. How many people took fewer than 2 photographs?\nFirst generate a step-by-step solution, then answer the question using a single word or phrase."}, {"from": "assistant", "value": "Solution:\n1. People who took 0 photographs: 20\n2. People who took 1 photograph: 0\n3. Total people who took fewer than 2 photographs: 20 + 0 = 20\nAnswer: 20"}]}, {"image": "26750.png", "conversations": [{"from": "user", "value": "What is the total cost for 4 pounds of rib? (Unit: $)\nFirst generate a step-by-step solution, then answer the question using a single word or phrase."}, {"from": "assistant", "value": "Solution:\n1. The cost of rib is $6 per pound.\n2. For 4 pounds, the total cost is 4 pounds \u00d7 $6/pound = $24.\nAnswer: $24"}]}, {"image": "17424.png", "conversations": [{"from": "user", "value": "Miranda purchased 1+1/5 kilograms of dock washers. What was the total cost? (Unit: $)\nFirst generate a step-by-step solution, then answer the question using a single word or phrase."}, {"from": "assistant", "value": "Solution:\n1. Price per kilogram of dock washers is $4.\n2. Miranda purchased 1 + 1/5 kilograms, which is 1.2 kilograms.\n3. Total cost = 1.2 kg \u00d7 $4/kg = $4.8.\nAnswer: 4.8"}]}, {"image": "1020.png", "conversations": [{"from": "user", "value": "Susan attended her town's annual Worm Charming Competition. Contestants are assigned to a square foot of land, where they have 30 minutes to \"charm\" worms to the surface of the dirt using a single technique. Susan observed contestants' charming techniques, and kept track of how many worms surfaced. What is the probability that a randomly selected contestant charmed 11-20 worms and tried tapping the ground? Simplify any fractions.\nFirst generate a step-by-step solution, then answer the question using a single word or phrase."}, {"from": "assistant", "value": "Solution:\n1. Total contestants charming worms: 1 (5-10, tapping) + 3 (5-10, raking) + 3 (11-20, tapping) + 6 (11-20, raking) = 13.\n2. Contestants charming 11-20 worms by tapping: 3.\n3. Probability = Number of favorable outcomes / Total outcomes = 3 / 13.\nAnswer: 3/13"}]}, {"image": "304.png", "conversations": [{"from": "user", "value": "Nina kept track of the number of games her soccer team won each year. According to the table, what was the rate of change between 2018 and 2019? (Unit: games per year)\nFirst generate a step-by-step solution, then answer the question using a single word or phrase."}, {"from": "assistant", "value": "Solution:\n1. Games won in 2018: 42\n2. Games won in 2019: 33\n3. Rate of change = 33 - 42 = -9 games per year\nAnswer: -9"}]}, {"image": "23929.png", "conversations": [{"from": "user", "value": "Robert bought 5 pounds of barley. How much did he spend? (Unit: $)\nFirst generate a step-by-step solution, then answer the question using a single word or phrase."}, {"from": "assistant", "value": "Solution:\n1. The price of barley is $1.67 per pound.\n2. Robert bought 5 pounds of barley.\n3. Total cost = 5 pounds \u00d7 $1.67/pound = $8.35.\nAnswer: $8.35"}]}, {"image": "37856.png", "conversations": [{"from": "user", "value": "Albert looked at his e-mail outbox to see how many e-mails he sent each day. What is the mode of the numbers?\nFirst generate a step-by-step solution, then answer the question using a single word or phrase."}, {"from": "assistant", "value": "Solution:\n1. List the numbers: 4, 7, 4, 4, 7, 3.\n2. Count the frequency of each number:\n   - 4 appears 3 times.\n   - 7 appears 2 times.\n   - 3 appears 1 time.\n3. The number that appears most frequently is 4.\nAnswer: 4"}]}, {"image": "13031.png", "conversations": [{"from": "user", "value": "Look at the following schedule. When does the train depart from Kensington?\nOptions:\n(A) 5:30 P.M.\n(B) 3:15 P.M.\n(C) 8:00 A.M.\n(D) 9:15 A.M.\nFirst generate a step-by-step solution, then answer with the option\u2019s letter from the given choices directly."}, {"from": "assistant", "value": "Solution:\n1. Locate Kensington in the schedule.\n2. The departure time from Kensington is 8:00 A.M.\nAnswer: C"}]}, {"image": "5792.png", "conversations": [{"from": "user", "value": "An administrator at the Department of Motor Vehicles (DMV) tracked the average wait time from month to month. According to the table, what was the rate of change between September and October? (Unit: minutes per month)\nFirst generate a step-by-step solution, then answer the question using a single word or phrase."}, {"from": "assistant", "value": "Solution:\n1. Average waiting time in September: 19 minutes.\n2. Average waiting time in October: 13 minutes.\n3. Rate of change = October time - September time = 13 - 19 = -6 minutes per month.\nAnswer: -6"}]}, {"image": "4969.png", "conversations": [{"from": "user", "value": "A Technical Assistance Manager monitored his customers' wait times. How many people waited for exactly 17 minutes?\nFirst generate a step-by-step solution, then answer the question using a single word or phrase."}, {"from": "assistant", "value": "Solution:\n1. Locate the stem \"1\" for the tens digit.\n2. Check the leaves for \"7\" in the \"1\" stem row.\n3. There is one \"7\" in the \"1\" stem row.\nAnswer: 1"}]}, {"image": "170.png", "conversations": [{"from": "user", "value": "Each bus has 10 empty seats. How many empty seats are on 6 buses? (Unit: empty seats)\nFirst generate a step-by-step solution, then answer the question using a single word or phrase."}, {"from": "assistant", "value": "Solution:\n1. Each bus has 10 empty seats.\n2. For 6 buses, multiply 6 by 10.\n3. \\(6 \\times 10 = 60\\) empty seats.\nAnswer: 60"}]}, {"image": "32459.png", "conversations": [{"from": "user", "value": "Jamal's Candies has been studying how much chocolate people have been eating in different countries. How much chocolate was consumed per capita in Germany in 2005? (Unit: kg)\nFirst generate a step-by-step solution, then answer the question using a single word or phrase."}, {"from": "assistant", "value": "Solution:\n1. Locate the row for Germany.\n2. Find the column for the year 2005.\n3. The chocolate consumption per capita in Germany in 2005 is 11 kg.\nAnswer: 11"}]}, {"image": "17523.png", "conversations": [{"from": "user", "value": "An environmental agency examined how many trees were planted by different organizations. What is the median of the numbers?\nFirst generate a step-by-step solution, then answer the question using a single word or phrase."}, {"from": "assistant", "value": "Solution:\n1. List the numbers in ascending order: 81, 90, 92, 99, 99.\n2. The third number is the median, which is 92.\nAnswer: 92"}]}, {"image": "11732.png", "conversations": [{"from": "user", "value": "Abdul bought 1+7/10 pounds of white bread crumbs. How much did he spend? (Unit: $)\nFirst generate a step-by-step solution, then answer the question using a single word or phrase."}, {"from": "assistant", "value": "Solution:\n1. White bread crumbs cost $5 per pound.\n2. Abdul bought 1 + 7/10 = 1.7 pounds.\n3. Total cost = 1.7 pounds \u00d7 $5 per pound = $8.50.\nAnswer: 8.50"}]}, {"image": "26898.png", "conversations": [{"from": "user", "value": "Larry graphed the amount of snow that fell in the last 6 days. What is the mean of the numbers?\nFirst generate a step-by-step solution, then answer the question using a single word or phrase."}, {"from": "assistant", "value": "Solution:\n1. Add the snowfall amounts: 6 + 2 + 7 + 4 + 1 + 4 = 24 inches.\n2. There are 6 days.\n3. Calculate the mean: 24 inches \u00f7 6 days = 4 inches.\nAnswer: 4"}]}, {"image": "26239.png", "conversations": [{"from": "user", "value": "Vijay counted the number of words per page in his new book. What is the smallest number of words? (Unit: words)\nFirst generate a step-by-step solution, then answer the question using a single word or phrase."}, {"from": "assistant", "value": "Solution:\n1. The stem-and-leaf plot shows the following numbers: 32, 39, 41, 51, 57, 67, 74, 78.\n2. The smallest number is 32.\nAnswer: 32"}]}, {"image": "37352.png", "conversations": [{"from": "user", "value": "An insurance company compiled the number of doctor visits made by some patients last year. How many patients did not go to the doctor last year?\nFirst generate a step-by-step solution, then answer the question using a single word or phrase."}, {"from": "assistant", "value": "Solution:\n1. Look at the frequency for 0 trips.\n2. The frequency for 0 trips is 14.\nAnswer: 14"}]}, {"image": "33928.png", "conversations": [{"from": "user", "value": "Look at this table. Is this relation a function?\nOptions:\n(A) yes\n(B) no\nFirst generate a step-by-step solution, then answer with the option\u2019s letter from the given choices directly."}, {"from": "assistant", "value": "Solution:\n1. A relation is a function if each input (x-value) corresponds to exactly one output (y-value).\n2. The x-values are 16, 13, and 1.\n3. Each x-value is paired with only one y-value: 16 with 0, 13 with 4, and 1 with 17.\n4. No x-value is repeated with a different y-value.\n\nAnswer: A"}]}, {"image": "25551.png", "conversations": [{"from": "user", "value": "Some friends discussed the sizes of their coin collections. What is the range of the numbers?\nFirst generate a step-by-step solution, then answer the question using a single word or phrase."}, {"from": "assistant", "value": "Solution:\n1. List the numbers: 7, 5, 6, 9, 7, 6.\n2. Identify the maximum number: 9.\n3. Identify the minimum number: 5.\n4. Calculate the range: 9 - 5 = 4.\nAnswer: 4"}]}, {"image": "22675.png", "conversations": [{"from": "user", "value": "Levi buys 2+1/4 pounds of apple muffin mix. How much does he spend? (Unit: $)\nFirst generate a step-by-step solution, then answer the question using a single word or phrase."}, {"from": "assistant", "value": "Solution:\n1. The price of apple muffin mix is $1 per pound.\n2. Levi buys 2.25 pounds of apple muffin mix.\n3. Total cost = 2.25 pounds \u00d7 $1/pound = $2.25.\nAnswer: 2.25"}]}, {"image": "29548.png", "conversations": [{"from": "user", "value": "Heartfelt Card Company sells cards for many occasions. They use a frequency chart to track how many card designs they have for each occasion. How many more card designs does the Heartfeld Card Company have for birthdays than for graduations? (Unit: more card designs)\nFirst generate a step-by-step solution, then answer the question using a single word or phrase."}, {"from": "assistant", "value": "Solution:\n1. The number of card designs for birthdays is 44.\n2. The number of card designs for graduations is 8.\n3. The difference is 44 - 8 = 36.\nAnswer: 36"}]}, {"image": "7079.png", "conversations": [{"from": "user", "value": "The shop teacher, Mr. Baxter, wrote down how many picture frames the students made last week. How many students made at least 4 picture frames?\nFirst generate a step-by-step solution, then answer the question using a single word or phrase."}, {"from": "assistant", "value": "Solution:\n1. Look at the frequency for 4 picture frames, which is 14.\n2. Look at the frequency for 5 picture frames, which is 8.\n3. Add the frequencies: 14 + 8 = 22.\nAnswer: 22"}]}, {"image": "24123.png", "conversations": [{"from": "user", "value": "The table shows a function. Is the function linear or nonlinear?\nOptions:\n(A) linear\n(B) nonlinear\nFirst generate a step-by-step solution, then answer with the option\u2019s letter from the given choices directly."}, {"from": "assistant", "value": "Solution:\n1. Calculate the differences in \\(x\\): \\(12 - 11 = 1\\) and \\(13 - 12 = 1\\).\n2. Calculate the differences in \\(y\\): \\(10 - 16 = -6\\) and \\(6 - 10 = -4\\).\n3. The differences in \\(y\\) are not consistent, indicating the rate of change is not constant.\n4. Therefore, the function is nonlinear.\nAnswer: B"}]}, {"image": "26608.png", "conversations": [{"from": "user", "value": "How much money does Tucker need to buy a crane, a forklift, and a hydrofoil? (Unit: $)\nFirst generate a step-by-step solution, then answer the question using a single word or phrase."}, {"from": "assistant", "value": "Solution:\n1. Price of crane: $7,523\n2. Price of forklift: $9,874\n3. Price of hydrofoil: $8,441\n4. Total cost: $7,523 + $9,874 + $8,441 = $25,838\nAnswer: $25,838"}]}, {"image": "10446.png", "conversations": [{"from": "user", "value": "An administrator at the Department of Motor Vehicles (DMV) tracked the average wait time from month to month. According to the table, what was the rate of change between April and May? (Unit: minutes per month)\nFirst generate a step-by-step solution, then answer the question using a single word or phrase."}, {"from": "assistant", "value": "Solution:\n1. April's waiting time: 25 minutes.\n2. May's waiting time: 22 minutes.\n3. Rate of change = May's time - April's time = 22 - 25 = -3 minutes per month.\nAnswer: -3"}]}, {"image": "7536.png", "conversations": [{"from": "user", "value": "Jenna wrote down how many cups of lemonade she sold in the past 5 days. What is the median of the numbers?\nFirst generate a step-by-step solution, then answer the question using a single word or phrase."}, {"from": "assistant", "value": "Solution:\n1. List the numbers in ascending order: 0, 2, 2, 3, 10.\n2. The third number is the median, which is 2.\nAnswer: 2"}]}, {"image": "36020.png", "conversations": [{"from": "user", "value": "Principal Nicholson reported the state test scores from some students at her school. What is the highest score? (Unit: points)\nFirst generate a step-by-step solution, then answer the question using a single word or phrase."}, {"from": "assistant", "value": "Solution:\n1. Convert the stem and leaf values into actual scores:\n   - 11, 15, 19\n   - 20\n   - 32\n   - 42, 43, 44, 47, 49\n2. Identify the highest score: 49\nAnswer: 49"}]}, {"image": "24470.png", "conversations": [{"from": "user", "value": "A cable company analyst paid attention to how many new customers it had each day. On which day did the cable company have the most new customers?\nOptions:\n(A) Thursday\n(B) Friday\n(C) Saturday\n(D) Sunday\nFirst generate a step-by-step solution, then answer with the option\u2019s letter from the given choices directly."}, {"from": "assistant", "value": "Solution:\n1. The number of new customers for each day is:\n   - Thursday: 945\n   - Friday: 994\n   - Saturday: 954\n   - Sunday: 952\n2. The highest number is 994 on Friday.\nAnswer: B"}]}, {"image": "33667.png", "conversations": [{"from": "user", "value": "Kendrick's Candies has been studying how much chocolate people have been eating in different countries. Which country consumed less chocolate per capita in 2005, Belgium or Poland?\nOptions:\n(A) Poland\n(B) Belgium\nFirst generate a step-by-step solution, then answer with the option\u2019s letter from the given choices directly."}, {"from": "assistant", "value": "Solution:\n1. Belgium's chocolate consumption in 2005 was 11 kg.\n2. Poland's chocolate consumption in 2005 was 4 kg.\n3. Compare the two values: 11 kg (Belgium) is greater than 4 kg (Poland).\n4. Therefore, Poland consumed less chocolate per capita in 2005.\nAnswer: A"}]}, {"image": "4610.png", "conversations": [{"from": "user", "value": "A pet store owner had his staff count the number of fish in each tank. How many tanks have at least 60 fish but fewer than 90 fish? (Unit: tanks)\nFirst generate a step-by-step solution, then answer the question using a single word or phrase."}, {"from": "assistant", "value": "Solution:\n1. Identify the relevant stems for the range 60 to 89, which are 6, 7, and 8.\n2. Count the leaves for each stem:\n   - Stem 6: 4, 5, 6, 6 (4 tanks)\n   - Stem 7: 9, 9 (2 tanks)\n   - Stem 8: 2 (1 tank)\n3. Total tanks in the range: 4 + 2 + 1 = 7 tanks.\nAnswer: 7"}]}, {"image": "20162.png", "conversations": [{"from": "user", "value": "The owner of a pick-your-own-bouquet flower farm recorded the number of flowers that customers picked yesterday. How many customers picked fewer than 5 flowers?\nFirst generate a step-by-step solution, then answer the question using a single word or phrase."}, {"from": "assistant", "value": "Solution:\n1. Calculate the total number of customers who picked fewer than 5 flowers:\n   - 2 flowers: 16 customers\n   - 3 flowers: 3 customers\n   - 4 flowers: 14 customers\n2. Total = 16 + 3 + 14 = 33 customers\nAnswer: 33"}]}, {"image": "4205.png", "conversations": [{"from": "user", "value": "Some students compared how many blocks they live from school. What is the mode of the numbers?\nFirst generate a step-by-step solution, then answer the question using a single word or phrase."}, {"from": "assistant", "value": "Solution:\n1. List the numbers: 7, 6, 7, 8, 6, 8, 8, 5.\n2. Count the frequency of each number:\n   - 5 appears 1 time\n   - 6 appears 2 times\n   - 7 appears 2 times\n   - 8 appears 3 times\n3. The mode is the number that appears most frequently, which is 8.\nAnswer: 8"}]}, {"image": "18913.png", "conversations": [{"from": "user", "value": "Trent found a list of the number of roller coasters at each amusement park in the state. What is the smallest number of roller coasters? (Unit: roller coasters)\nFirst generate a step-by-step solution, then answer the question using a single word or phrase."}, {"from": "assistant", "value": "Solution:\n1. The stem-and-leaf plot shows the numbers: 14, 15, 20, 23, 24, 28, 30, 30, 31, 36, 41, 43, 44.\n2. The smallest number is 14.\nAnswer: 14"}]}, {"image": "23385.png", "conversations": [{"from": "user", "value": "Look at the following schedule. When does figure skating practice end?\nOptions:\n(A) 11:45 A.M.\n(B) 2:55 P.M.\n(C) 6:00 P.M.\n(D) 7:00 P.M.\nFirst generate a step-by-step solution, then answer with the option\u2019s letter from the given choices directly."}, {"from": "assistant", "value": "Solution:\n1. Locate \"figure skating practice\" in the schedule.\n2. The end time for figure skating practice is 2:55 P.M.\nAnswer: B"}]}, {"image": "37778.png", "conversations": [{"from": "user", "value": "Each aquarium has 10 fish. How many fish are in 5 aquariums?\nFirst generate a step-by-step solution, then answer the question using a single word or phrase."}, {"from": "assistant", "value": "Solution:\n1. Each aquarium has 10 fish.\n2. For 5 aquariums, calculate 5 \u00d7 10 = 50.\nAnswer: 50"}]}, {"image": "26594.png", "conversations": [{"from": "user", "value": "The members of the track team compared how many miles they ran last week. What is the mode of the numbers?\nFirst generate a step-by-step solution, then answer the question using a single word or phrase."}, {"from": "assistant", "value": "Solution:\n1. List the miles: 14, 14, 10, 10, 14.\n2. Count the frequency of each number: 14 appears 3 times, 10 appears 2 times.\n3. The mode is the number that appears most frequently, which is 14.\nAnswer: 14"}]}, {"image": "24044.png", "conversations": [{"from": "user", "value": "How much money does Valeria need to buy 2 precision balances? (Unit: $)\nFirst generate a step-by-step solution, then answer the question using a single word or phrase."}, {"from": "assistant", "value": "Solution:\n1. The cost of one precision balance is $944.\n2. To find the cost of two precision balances, multiply $944 by 2.\n3. Calculation: $944 \u00d7 2 = $1,888.\nAnswer: $1,888"}]}, {"image": "990.png", "conversations": [{"from": "user", "value": "Some friends played a trivia game and recorded their scores. What is the median of the numbers?\nFirst generate a step-by-step solution, then answer the question using a single word or phrase."}, {"from": "assistant", "value": "Solution:\n1. List the scores in ascending order: 2, 3, 7, 7, 8.\n2. The third number is the median, which is 7.\nAnswer: 7"}]}, {"image": "33251.png", "conversations": [{"from": "user", "value": "How much money does Candice need to buy a rocking chair and a chest of drawers? (Unit: $)\nFirst generate a step-by-step solution, then answer the question using a single word or phrase."}, {"from": "assistant", "value": "Solution:\n1. The price of the rocking chair is $41.00.\n2. The price of the chest of drawers is $49.00.\n3. Total cost is $41.00 + $49.00 = $90.00.\nAnswer: 90.00"}]}, {"image": "14186.png", "conversations": [{"from": "user", "value": "An Idaho farmer has been monitoring crop prices over time. Per cwt, how much did peas cost in 2005? (Unit: $)\nFirst generate a step-by-step solution, then answer the question using a single word or phrase."}, {"from": "assistant", "value": "Solution:\n1. Locate the row for \"Peas.\"\n2. Find the price in the column for 2005.\n3. The price for peas in 2005 is $6.\nAnswer: 6"}]}, {"image": "32886.png", "conversations": [{"from": "user", "value": "A marketing research firm asked people how many times they visited the mall last month. How many people did not go to the mall last month?\nFirst generate a step-by-step solution, then answer the question using a single word or phrase."}, {"from": "assistant", "value": "Solution:\n1. Look at the frequency for 0 trips.\n2. The frequency is 3.\nAnswer: 3"}]}, {"image": "26363.png", "conversations": [{"from": "user", "value": "How much money does Maura need to buy 2 duck key chains and 2 tennis ball key chains? (Unit: $)\nFirst generate a step-by-step solution, then answer the question using a single word or phrase."}, {"from": "assistant", "value": "Solution:\n1. Cost of one duck key chain: $0.66\n2. Cost of two duck key chains: 2 \u00d7 $0.66 = $1.32\n3. Cost of one tennis ball key chain: $0.58\n4. Cost of two tennis ball key chains: 2 \u00d7 $0.58 = $1.16\n5. Total cost: $1.32 + $1.16 = $2.48\nAnswer: $2.48"}]}, {"image": "37875.png", "conversations": [{"from": "user", "value": "Harry kept track of the number of games his soccer team won each year. According to the table, what was the rate of change between 2013 and 2014? (Unit: games per year)\nFirst generate a step-by-step solution, then answer the question using a single word or phrase."}, {"from": "assistant", "value": "Solution:\n1. Games won in 2013: 23\n2. Games won in 2014: 35\n3. Rate of change = 35 - 23 = 12 games per year\nAnswer: 12"}]}, {"image": "34868.png", "conversations": [{"from": "user", "value": "The city recorded how many fire hydrants there are on each street. What is the median of the numbers?\nFirst generate a step-by-step solution, then answer the question using a single word or phrase."}, {"from": "assistant", "value": "Solution:\n1. List the numbers in ascending order: 1, 5, 6, 6, 8.\n2. The third number is the median, which is 6.\nAnswer: 6"}]}, {"image": "34336.png", "conversations": [{"from": "user", "value": "Jack entered his sister into their town's Smelly Shoe Competition. Jack observed contestants of all ages proudly strutting around wearing different kinds of smelly shoes. What is the probability that a randomly selected contestant is under age 12 and is wearing high heels? Simplify any fractions.\nFirst generate a step-by-step solution, then answer the question using a single word or phrase."}, {"from": "assistant", "value": "Solution:\n1. Total number of contestants: 2 (tennis shoes, under 12) + 4 (high heels, under 12) + 2 (tennis shoes, 13 to 30) + 2 (high heels, 13 to 30) = 10.\n2. Number of contestants under age 12 wearing high heels: 4.\n3. Probability = Number of favorable outcomes / Total number of outcomes = 4/10.\n4. Simplify the fraction: 4/10 = 2/5.\nAnswer: 2/5"}]}, {"image": "31716.png", "conversations": [{"from": "user", "value": "This table shows Carla's June budget. What could Carla do to balance her budget?\nOptions:\n(A) spend only $25 on a gift card for her dad\n(B) increase income from babysitting to $70\n(C) decrease spending on paint night with friends to $40\n(D) sell more clothes to earn an extra $5\nFirst generate a step-by-step solution, then answer with the option\u2019s letter from the given choices directly."}, {"from": "assistant", "value": "Solution:\n1. Calculate total income: $25 + $60 + $45 = $130.\n2. Calculate total expenses: $40 + $45 + $60 = $145.\n3. Current deficit: $145 - $130 = $15.\n4. Evaluate options:\n   - (A) Spend $25 on the gift card: Saves $15, balances the budget.\n   - (B) Increase babysitting income to $70: Increases income by $10, deficit remains $5.\n   - (C) Decrease paint night spending to $40: Saves $5, deficit remains $10.\n   - (D) Sell more clothes to earn $5: Increases income by $5, deficit remains $10.\n5. Option (A) balances the budget by saving $15.\nAnswer: A"}]}, {"image": "28191.png", "conversations": [{"from": "user", "value": "An ice cream shop kept track of how many ice cream cones it sold in the past 4 days. On which day did the shop sell the fewest ice cream cones?\nOptions:\n(A) Thursday\n(B) Friday\n(C) Saturday\n(D) Sunday\nFirst generate a step-by-step solution, then answer with the option\u2019s letter from the given choices directly."}, {"from": "assistant", "value": "Solution:\n1. The numbers of ice cream cones sold are: Thursday - 441, Friday - 489, Saturday - 494, Sunday - 498.\n2. The smallest number is 441.\n3. Therefore, the fewest cones were sold on Thursday.\nAnswer: A"}]}, {"image": "32770.png", "conversations": [{"from": "user", "value": "Wesley, who rents properties for a living, measures all the offices in a building he is renting. How many offices are at least 20 square meters but less than 60 square meters? (Unit: offices)\nFirst generate a step-by-step solution, then answer the question using a single word or phrase."}, {"from": "assistant", "value": "Solution:\n1. Identify the numbers between 20 and 59 from the stem-and-leaf plot.\n2. The relevant stems are 2, 3, 4, and 5.\n3. Count the leaves for each relevant stem:\n   - Stem 2: 0, 2, 3, 3, 3 (5 offices)\n   - Stem 3: 1, 2, 3, 7, 8 (5 offices)\n   - Stem 4: 2, 4, 5, 8 (4 offices)\n   - Stem 5: 5 (1 office)\n4. Total offices = 5 + 5 + 4 + 1 = 15\nAnswer: 15"}]}, {"image": "23767.png", "conversations": [{"from": "user", "value": "The table shows a function. Is the function linear or nonlinear?\nOptions:\n(A) linear\n(B) nonlinear\nFirst generate a step-by-step solution, then answer with the option\u2019s letter from the given choices directly."}, {"from": "assistant", "value": "Solution:\n1. Calculate the differences in \\( x \\): \\( 16 - 15 = 1 \\) and \\( 17 - 16 = 1 \\).\n2. Calculate the differences in \\( y \\): \\( 5 - 1 = 4 \\) and \\( 14 - 5 = 9 \\).\n3. The differences in \\( y \\) are not consistent, so the function is not linear.\n\nAnswer: B"}]}, {"image": "11077.png", "conversations": [{"from": "user", "value": "A race car driver kept track of how many laps he drove in the past 7 days. What is the median of the numbers?\nFirst generate a step-by-step solution, then answer the question using a single word or phrase."}, {"from": "assistant", "value": "Solution:\n1. List the numbers in ascending order: 48, 66, 70, 70, 71, 82, 87.\n2. The fourth number is the median, which is 70.\nAnswer: 70"}]}, {"image": "18160.png", "conversations": [{"from": "user", "value": "How much more does a piece of floral stationery cost than a piece of red and purple stationery? (Unit: $)\nFirst generate a step-by-step solution, then answer the question using a single word or phrase."}, {"from": "assistant", "value": "Solution:\n1. The cost of a piece of floral stationery is $0.09.\n2. The cost of a piece of red and purple stationery is $0.05.\n3. The difference is $0.09 - $0.05 = $0.04.\nAnswer: $0.04"}]}, {"image": "12955.png", "conversations": [{"from": "user", "value": "Nancy bought 2 kilograms of oregano and 3 kilograms of sage. How much did she spend? (Unit: $)\nFirst generate a step-by-step solution, then answer the question using a single word or phrase."}, {"from": "assistant", "value": "Solution:\n1. Oregano costs $1.86 per kilogram. For 2 kilograms: 2 * $1.86 = $3.72.\n2. Sage costs $1.98 per kilogram. For 3 kilograms: 3 * $1.98 = $5.94.\n3. Total cost: $3.72 + $5.94 = $9.66.\nAnswer: $9.66"}]}, {"image": "31057.png", "conversations": [{"from": "user", "value": "Look at the table. Then answer the question. At a price of $520, is there a shortage or a surplus?\nOptions:\n(A) shortage\n(B) surplus\nFirst generate a step-by-step solution, then answer with the option\u2019s letter from the given choices directly."}, {"from": "assistant", "value": "Solution:\n1. At a price of $520, the quantity demanded is 4,800.\n2. At the same price, the quantity supplied is 16,600.\n3. Since quantity supplied (16,600) is greater than quantity demanded (4,800), there is a surplus.\nAnswer: B"}]}, {"image": "29696.png", "conversations": [{"from": "user", "value": "Jeremiah counted the number of problems on each of his tests. How many tests had at least 40 problems? (Unit: tests)\nFirst generate a step-by-step solution, then answer the question using a single word or phrase."}, {"from": "assistant", "value": "Solution:\n1. The stem-and-leaf plot shows the number of problems on each test.\n2. The stems represent the tens digit, and the leaves represent the units digit.\n3. Count all the leaves: \n   - Stem 4: 1 test (45)\n   - Stem 5: 7 tests (50, 50, 57, 58, 58, 58, 59)\n   - Stem 6: 4 tests (63, 63, 64, 65)\n   - Stem 7: 3 tests (73, 75, 78)\n   - Stem 8: 9 tests (80, 81, 82, 82, 83, 85, 86, 86, 86)\n4. Total tests with at least 40 problems: 1 + 7 + 4 + 3 + 9 = 24 tests.\nAnswer: 24"}]}, {"image": "31617.png", "conversations": [{"from": "user", "value": "Each apartment has 5 windows. How many windows are in 3 apartments?\nFirst generate a step-by-step solution, then answer the question using a single word or phrase."}, {"from": "assistant", "value": "Solution:\n1. Each apartment has 5 windows.\n2. For 3 apartments: 3 x 5 = 15 windows.\nAnswer: 15"}]}, {"image": "1370.png", "conversations": [{"from": "user", "value": "Lexi has $10.37. Does she have enough to buy a pair of sandals and a pair of jeans?\nOptions:\n(A) yes\n(B) no\nFirst generate a step-by-step solution, then answer with the option\u2019s letter from the given choices directly."}, {"from": "assistant", "value": "Solution:\n1. The cost of a pair of sandals is $6.68.\n2. The cost of a pair of jeans is $3.72.\n3. Total cost = $6.68 + $3.72 = $10.40.\n4. Lexi has $10.37, which is less than $10.40.\nAnswer: B"}]}, {"image": "6367.png", "conversations": [{"from": "user", "value": "Olivia has $22.00. How much money will Olivia have left if she buys a yellow skirt and a denim skirt? (Unit: $)\nFirst generate a step-by-step solution, then answer the question using a single word or phrase."}, {"from": "assistant", "value": "Solution:\n1. The cost of the yellow skirt is $5.00.\n2. The cost of the denim skirt is $8.00.\n3. Total cost for both skirts: $5.00 + $8.00 = $13.00.\n4. Olivia has $22.00 initially.\n5. Money left after purchase: $22.00 - $13.00 = $9.00.\nAnswer: $9.00"}]}, {"image": "9069.png", "conversations": [{"from": "user", "value": "Look at the following schedule. Which stop does the bus depart from at 10.25 A.M.?\nOptions:\n(A) doctor's office\n(B) playground\n(C) zoo\n(D) school\nFirst generate a step-by-step solution, then answer with the option\u2019s letter from the given choices directly."}, {"from": "assistant", "value": "Solution:\n1. Check the schedule for the time 10:25 A.M.\n2. The bus departs from the doctor's office at 10:25 A.M.\nAnswer: A"}]}, {"image": "30424.png", "conversations": [{"from": "user", "value": "Raymond went on a bird watching trip and jotted down the number of birds he saw each day. What is the median of the numbers?\nFirst generate a step-by-step solution, then answer the question using a single word or phrase."}, {"from": "assistant", "value": "Solution:\n1. List the numbers in ascending order: 2, 4, 5, 5, 6, 8, 9.\n2. The fourth number is the median, which is 5.\nAnswer: 5"}]}, {"image": "31180.png", "conversations": [{"from": "user", "value": "Jack, a doctor's office receptionist, tracked the average waiting time at the office each month. According to the table, what was the rate of change between January and February? (Unit: minutes per month)\nFirst generate a step-by-step solution, then answer the question using a single word or phrase."}, {"from": "assistant", "value": "Solution:\n1. January's waiting time: 18 minutes.\n2. February's waiting time: 34 minutes.\n3. Rate of change = February - January = 34 - 18 = 16 minutes per month.\nAnswer: 16"}]}, {"image": "28070.png", "conversations": [{"from": "user", "value": "How much money does Liam need to buy a pair of googly eyes and a purple bow? (Unit: $)\nFirst generate a step-by-step solution, then answer the question using a single word or phrase."}, {"from": "assistant", "value": "Solution:\n1. The cost of a pair of googly eyes is $0.04.\n2. The cost of a purple bow is $0.07.\n3. Total cost is $0.04 + $0.07 = $0.11.\nAnswer: $0.11"}]}, {"image": "29146.png", "conversations": [{"from": "user", "value": "The financial aid office at Coleman University produced an internal report on the number of students receiving scholarships. According to the table, what was the rate of change between 2015 and 2016? (Unit: students per year)\nFirst generate a step-by-step solution, then answer the question using a single word or phrase."}, {"from": "assistant", "value": "Solution:\n1. Number of students in 2015: 27\n2. Number of students in 2016: 35\n3. Rate of change = 35 - 27 = 8 students per year\nAnswer: 8"}]}, {"image": "18864.png", "conversations": [{"from": "user", "value": "Dover Flooring tracked the number of broken tiles in each shipment it received last year. What is the largest number of broken tiles? (Unit: broken tiles)\nFirst generate a step-by-step solution, then answer the question using a single word or phrase."}, {"from": "assistant", "value": "Solution:\n1. Identify the largest stem: 8.\n2. Identify the largest leaf in the stem 8: 3.\n3. Combine the stem and leaf to find the largest number: 83.\nAnswer: 83"}]}, {"image": "29170.png", "conversations": [{"from": "user", "value": "A garden supply store kept track of how many lawn mowers it sold in the past 4 days. On which day did the store sell the most lawn mowers?\nOptions:\n(A) Tuesday\n(B) Wednesday\n(C) Thursday\n(D) Friday\nFirst generate a step-by-step solution, then answer with the option\u2019s letter from the given choices directly."}, {"from": "assistant", "value": "Solution:\n1. Compare the number of lawn mowers sold each day:\n   - Tuesday: 18\n   - Wednesday: 17\n   - Thursday: 12\n   - Friday: 11\n2. The highest number is 18, which occurred on Tuesday.\nAnswer: A"}]}, {"image": "37526.png", "conversations": [{"from": "user", "value": "Look at the following schedule. Lena just missed the 10.45 P.M. train at Lowell. How long does she have to wait until the next train?\nOptions:\n(A) 5 hours and 45 minutes\n(B) 3 hours and 15 minutes\n(C) 6 hours\n(D) 3 hours and 30 minutes\nFirst generate a step-by-step solution, then answer with the option\u2019s letter from the given choices directly."}, {"from": "assistant", "value": "Solution:\n1. The times listed for Lowell are 6:15 P.M., 10:45 P.M., 4:45 A.M., and 6:30 A.M.\n2. Lena just missed the 10:45 P.M. train, the next train is at 4:45 A.M.\n3. The difference between 10:45 P.M. and 4:45 A.M. is 6 hours.\nAnswer: C"}]}, {"image": "15499.png", "conversations": [{"from": "user", "value": "The bird watcher counted the number of birds in each flock that passed overhead. What is the largest number of birds? (Unit: birds)\nFirst generate a step-by-step solution, then answer the question using a single word or phrase."}, {"from": "assistant", "value": "Solution:\n1. The stem-and-leaf plot shows numbers: 11, 13, 15, 15, 18, 21, 22, 22, 22, 23, 23, 24, 25, 26, 27, 28, 28, 29, 36, 38, 42, 45, 46.\n2. The largest number is 46.\nAnswer: 46"}]}, {"image": "32168.png", "conversations": [{"from": "user", "value": "The members of the cycling club compared how many miles they biked last week. What is the mean of the numbers?\nFirst generate a step-by-step solution, then answer the question using a single word or phrase."}, {"from": "assistant", "value": "Solution:\n1. List the miles: 89, 84, 75, 87, 79, 73, 94.\n2. Calculate the sum: 89 + 84 + 75 + 87 + 79 + 73 + 94 = 581.\n3. Count the number of entries: 7.\n4. Divide the sum by the number of entries: 581 \u00f7 7 = 83.\nAnswer: 83"}]}, {"image": "7272.png", "conversations": [{"from": "user", "value": "Chase has $1.21. Does he have enough to buy a can of pears and a jar of olives?\nOptions:\n(A) yes\n(B) no\nFirst generate a step-by-step solution, then answer with the option\u2019s letter from the given choices directly."}, {"from": "assistant", "value": "Solution:\n1. Cost of a can of pears: $0.41\n2. Cost of a jar of olives: $0.75\n3. Total cost: $0.41 + $0.75 = $1.16\n4. Chase has $1.21, which is more than $1.16.\nAnswer: A"}]}, {"image": "30143.png", "conversations": [{"from": "user", "value": "Several children compared how many thank-you notes they had written during the previous month. How many children wrote more than 3 thank-you notes?\nFirst generate a step-by-step solution, then answer the question using a single word or phrase."}, {"from": "assistant", "value": "Solution:\n1. Identify the frequencies for more than 3 thank-you notes:\n   - 4 notes: 12 children\n   - 5 notes: 18 children\n   - 6 notes: 4 children\n2. Add these frequencies: 12 + 18 + 4 = 34.\nAnswer: 34"}]}, {"image": "19274.png", "conversations": [{"from": "user", "value": "Look at the table. Then answer the question. At a price of $1,020, is there a shortage or a surplus?\nOptions:\n(A) shortage\n(B) surplus\nFirst generate a step-by-step solution, then answer with the option\u2019s letter from the given choices directly."}, {"from": "assistant", "value": "Solution:\n1. At a price of $1,020, the quantity demanded is 5,600.\n2. The quantity supplied is 13,000.\n3. Since quantity supplied (13,000) is greater than quantity demanded (5,600), there is a surplus.\nAnswer: B"}]}, {"image": "19057.png", "conversations": [{"from": "user", "value": "Each package has 5 buttons. How many buttons are in 4 packages? (Unit: buttons)\nFirst generate a step-by-step solution, then answer the question using a single word or phrase."}, {"from": "assistant", "value": "Solution:\n1. Each package contains 5 buttons.\n2. For 4 packages, calculate 4 \u00d7 5 = 20 buttons.\nAnswer: 20"}]}, {"image": "11794.png", "conversations": [{"from": "user", "value": "A store recently released a new line of alarm clocks that emits a smell to wake you up in the morning. The head of sales tracked buyers' ages and which smells they preferred. What is the probability that a randomly selected buyer is a teenager and purchased a clock scented like cinnamon? Simplify any fractions.\nFirst generate a step-by-step solution, then answer the question using a single word or phrase."}, {"from": "assistant", "value": "Solution:\n1. Total number of buyers: 5 (Under 13, Bacon) + 5 (Under 13, Cinnamon) + 6 (Teenager, Bacon) + 4 (Teenager, Cinnamon) = 20.\n2. Number of teenagers who purchased a cinnamon-scented clock: 4.\n3. Probability = Number of favorable outcomes / Total number of outcomes = 4 / 20.\n4. Simplify the fraction: 4/20 = 1/5.\nAnswer: 1/5"}]}, {"image": "18849.png", "conversations": [{"from": "user", "value": "If Janet buys 4 pounds of balsamic vinaigrette and 4 pounds of ranch dressing, how much will she spend? (Unit: $)\nFirst generate a step-by-step solution, then answer the question using a single word or phrase."}, {"from": "assistant", "value": "Solution:\n1. Balsamic vinaigrette costs $5 per pound. For 4 pounds: 4 \u00d7 $5 = $20.\n2. Ranch dressing costs $6 per pound. For 4 pounds: 4 \u00d7 $6 = $24.\n3. Total cost: $20 + $24 = $44.\nAnswer: 44"}]}, {"image": "4076.png", "conversations": [{"from": "user", "value": "How much money does Sophie need to buy an antique hand-painted trunk and an antique elm coffee table? (Unit: $)\nFirst generate a step-by-step solution, then answer the question using a single word or phrase."}, {"from": "assistant", "value": "Solution:\n1. The price of the antique hand-painted trunk is $899.\n2. The price of the antique elm coffee table is $904.\n3. Add the two prices: $899 + $904 = $1,803.\nAnswer: $1,803"}]}, {"image": "14884.png", "conversations": [{"from": "user", "value": "This morning, Mr. Beasley released the scores from last week's spelling test. How many students scored at least 40 points but fewer than 70 points? (Unit: students)\nFirst generate a step-by-step solution, then answer the question using a single word or phrase."}, {"from": "assistant", "value": "Solution:\n1. Identify scores between 40 and 69.\n2. Scores in the 40s: 40, 42, 45, 47, 48, 49 (6 scores).\n3. Scores in the 50s: 59 (1 score).\n4. Scores in the 60s: 60, 60, 63, 64, 65, 67, 67 (7 scores).\n5. Total scores between 40 and 69: 6 + 1 + 7 = 14.\nAnswer: 14"}]}, {"image": "11702.png", "conversations": [{"from": "user", "value": "While working as a summer camp counselor, Marcy monitored how many candy necklaces each child made. How many children made more than 2 candy necklaces?\nFirst generate a step-by-step solution, then answer the question using a single word or phrase."}, {"from": "assistant", "value": "Solution:\n1. Look at the number of children who made 3 candy necklaces.\n2. The frequency for 3 candy necklaces is 13.\n3. Therefore, 13 children made more than 2 candy necklaces.\nAnswer: 13"}]}, {"image": "12075.png", "conversations": [{"from": "user", "value": "Lauren has $21,612. How much money will Lauren have left if she buys an opal pendant and a garnet ring? (Unit: $)\nFirst generate a step-by-step solution, then answer the question using a single word or phrase."}, {"from": "assistant", "value": "Solution:\n1. Cost of opal pendant: $2,190.\n2. Cost of garnet ring: $9,437.\n3. Total cost of both items: $2,190 + $9,437 = $11,627.\n4. Lauren's initial amount: $21,612.\n5. Money left after purchase: $21,612 - $11,627 = $9,985.\nAnswer: $9,985"}]}, {"image": "20851.png", "conversations": [{"from": "user", "value": "Mitchell was a spectator at his town's air guitar competition. Contestants were allowed to play either the acoustic or electric air guitar, but not both. Mitchell recorded which type of guitar each contestant played. He also counted the number of contestants wearing different kinds of pants, as there were some interesting stylistic choices. What is the probability that a randomly selected contestant was dressed in leather and played an acoustic guitar? Simplify any fractions.\nFirst generate a step-by-step solution, then answer the question using a single word or phrase."}, {"from": "assistant", "value": "Solution:\n1. Total contestants: 2 (Leather, Acoustic) + 3 (Leather, Electric) + 2 (Velvet, Acoustic) + 4 (Velvet, Electric) = 11.\n2. Contestants with leather and acoustic guitar: 2.\n3. Probability = Number of favorable outcomes / Total outcomes = 2 / 11.\nAnswer: 2/11"}]}, {"image": "22374.png", "conversations": [{"from": "user", "value": "How much money does Deb need to buy a dry erase marker and a rubber stamp? (Unit: $)\nFirst generate a step-by-step solution, then answer the question using a single word or phrase."}, {"from": "assistant", "value": "Solution:\n1. The cost of a dry erase marker is $0.53.\n2. The cost of a rubber stamp is $0.97.\n3. Add the two amounts: $0.53 + $0.97 = $1.50.\nAnswer: $1.50"}]}, {"image": "21881.png", "conversations": [{"from": "user", "value": "For an economics project, Tucker determined the cost of ferry rides for bicycles and cars. How much higher is the fare for a bicycle on the Fauntleroy-Vashon ferry than on the Ocracoke ferry? (Unit: $)\nFirst generate a step-by-step solution, then answer the question using a single word or phrase."}, {"from": "assistant", "value": "Solution:\n1. Bicycle fare on the Fauntleroy-Vashon ferry is $5.\n2. Bicycle fare on the Ocracoke ferry is $3.\n3. The difference is $5 - $3 = $2.\nAnswer: $2"}]}, {"image": "3259.png", "conversations": [{"from": "user", "value": "Josiah has $1.50. Does he have enough to buy a pink flamingo pen and a tiny bottle of sand?\nOptions:\n(A) yes\n(B) no\nFirst generate a step-by-step solution, then answer with the option\u2019s letter from the given choices directly."}, {"from": "assistant", "value": "Solution:\n1. The cost of a pink flamingo pen is $0.59.\n2. The cost of a tiny bottle of sand is $0.90.\n3. Total cost = $0.59 + $0.90 = $1.49.\n4. Josiah has $1.50, which is more than $1.49.\nAnswer: A"}]}, {"image": "32571.png", "conversations": [{"from": "user", "value": "How much more does an egg sandwich cost than a bowl of melon? (Unit: $)\nFirst generate a step-by-step solution, then answer the question using a single word or phrase."}, {"from": "assistant", "value": "Solution:\n1. The cost of an egg sandwich is $6.\n2. The cost of a bowl of melon is $4.\n3. The difference in cost is $6 - $4 = $2.\nAnswer: 2"}]}, {"image": "26030.png", "conversations": [{"from": "user", "value": "Vicky has $10,295. Does she have enough to buy a Clydesdale horse and a Thoroughbred horse?\nOptions:\n(A) yes\n(B) no\nFirst generate a step-by-step solution, then answer with the option\u2019s letter from the given choices directly."}, {"from": "assistant", "value": "Solution:\n1. The cost of a Clydesdale horse is $3,348.\n2. The cost of a Thoroughbred horse is $6,814.\n3. Total cost for both horses is $3,348 + $6,814 = $10,162.\n4. Vicky has $10,295.\n5. Since $10,295 is greater than $10,162, she has enough money.\nAnswer: A"}]}, {"image": "2868.png", "conversations": [{"from": "user", "value": "Each kitchen cabinet has 5 teacups. How many teacups are in 3 kitchen cabinets?\nFirst generate a step-by-step solution, then answer the question using a single word or phrase."}, {"from": "assistant", "value": "Solution:\n1. Each kitchen cabinet contains 5 teacups.\n2. For 3 kitchen cabinets, calculate the total number of teacups: 3 cabinets \u00d7 5 teacups per cabinet = 15 teacups.\nAnswer: 15"}]}, {"image": "16635.png", "conversations": [{"from": "user", "value": "Professor Perry released the results of yesterday's pop quiz. How many students scored exactly 39 points? (Unit: students)\nFirst generate a step-by-step solution, then answer the question using a single word or phrase."}, {"from": "assistant", "value": "Solution:\n1. In the stem-and-leaf plot, the stem \"3\" corresponds to scores in the 30s.\n2. The leaves for stem \"3\" are 4, 9, 9, 9, 9.\n3. Count the number of 9s: there are 4.\n4. Therefore, 4 students scored exactly 39 points.\nAnswer: 4"}]}, {"image": "24121.png", "conversations": [{"from": "user", "value": "Brendan has $0.11. Does he have enough to buy an airplane stamp and a piece of bubble wrap?\nOptions:\n(A) yes\n(B) no\nFirst generate a step-by-step solution, then answer with the option\u2019s letter from the given choices directly."}, {"from": "assistant", "value": "Solution:\n1. The cost of an airplane stamp is $0.08.\n2. The cost of a piece of bubble wrap is $0.03.\n3. Total cost = $0.08 + $0.03 = $0.11.\n4. Brendan has $0.11, which is equal to the total cost.\nAnswer: A"}]}, {"image": "31497.png", "conversations": [{"from": "user", "value": "Each drawer has 5 hammers. How many hammers are in 5 drawers? (Unit: hammers)\nFirst generate a step-by-step solution, then answer the question using a single word or phrase."}, {"from": "assistant", "value": "Solution:\n1. Each drawer contains 5 hammers.\n2. For 5 drawers: 5 drawers \u00d7 5 hammers per drawer = 25 hammers.\nAnswer: 25"}]}, {"image": "9565.png", "conversations": [{"from": "user", "value": "A county agency recorded the money donated to several charitable causes over time. In June, how much more money was raised for parks than for animals? (Unit: $)\nFirst generate a step-by-step solution, then answer the question using a single word or phrase."}, {"from": "assistant", "value": "Solution:\n1. Donations for parks in June: $20.\n2. Donations for animals in June: $12.\n3. Difference: $20 - $12 = $8.\nAnswer: $8"}]}, {"image": "23115.png", "conversations": [{"from": "user", "value": "A drawing class was assigned a final project where students had to choose one art medium and one subject. The teacher kept track of the types of projects submitted. What is the probability that a randomly selected student used chalk and chose to draw a plant? Simplify any fractions.\nFirst generate a step-by-step solution, then answer the question using a single word or phrase."}, {"from": "assistant", "value": "Solution:\n1. Total projects using chalk to draw a plant: 4.\n2. Total projects: 3 (Acrylic, Plant) + 2 (Acrylic, Insect) + 4 (Chalk, Plant) + 2 (Chalk, Insect) = 11.\n3. Probability = (Number of chalk and plant projects) / (Total projects) = 4/11.\n\nAnswer: 4/11"}]}, {"image": "11542.png", "conversations": [{"from": "user", "value": "The local high school found out how many members each club had. What is the median of the numbers?\nFirst generate a step-by-step solution, then answer the question using a single word or phrase."}, {"from": "assistant", "value": "Solution:\n1. List the numbers in ascending order: 91, 93, 99, 99, 100.\n2. The third number is the median, which is 99.\nAnswer: 99"}]}, {"image": "21809.png", "conversations": [{"from": "user", "value": "Pete kept a driving log to see how many miles he drove each day. On which day did Pete drive the most miles?\nOptions:\n(A) Thursday\n(B) Friday\n(C) Saturday\n(D) Sunday\nFirst generate a step-by-step solution, then answer with the option\u2019s letter from the given choices directly."}, {"from": "assistant", "value": "Solution:\n1. Compare the number of miles driven each day:\n   - Thursday: 71 miles\n   - Friday: 72 miles\n   - Saturday: 75 miles\n   - Sunday: 76 miles\n2. The most miles were driven on Sunday with 76 miles.\nAnswer: D"}]}, {"image": "17833.png", "conversations": [{"from": "user", "value": "The school district compared how many math teachers each high school has. What is the range of the numbers?\nFirst generate a step-by-step solution, then answer the question using a single word or phrase."}, {"from": "assistant", "value": "Solution:\n1. List the number of math teachers: 3, 7, 7, 4, 4, 9, 4, 3.\n2. Identify the minimum value: 3.\n3. Identify the maximum value: 9.\n4. Calculate the range: 9 - 3 = 6.\nAnswer: 6"}]}, {"image": "5263.png", "conversations": [{"from": "user", "value": "Martina has $15.50. Does she have enough to buy a book about reptiles and a book about sharks?\nOptions:\n(A) yes\n(B) no\nFirst generate a step-by-step solution, then answer with the option\u2019s letter from the given choices directly."}, {"from": "assistant", "value": "Solution:\n1. Price of book about reptiles: $9.65\n2. Price of book about sharks: $6.34\n3. Total cost: $9.65 + $6.34 = $15.99\n4. Martina has $15.50, which is less than $15.99.\nAnswer: B"}]}, {"image": "12799.png", "conversations": [{"from": "user", "value": "Look at this table. Is this relation a function?\nOptions:\n(A) yes\n(B) no\nFirst generate a step-by-step solution, then answer with the option\u2019s letter from the given choices directly."}, {"from": "assistant", "value": "Solution:\n1. A relation is a function if each input \\( x \\) has exactly one output \\( y \\).\n2. The values of \\( x \\) are 19, 15, and 10.\n3. Each \\( x \\) value is paired with exactly one \\( y \\) value: 19 with 13, 15 with 12, and 10 with 18.\n4. No \\( x \\) value is repeated with a different \\( y \\) value.\n\nAnswer: A"}]}, {"image": "23340.png", "conversations": [{"from": "user", "value": "What is the total cost for 2 kilograms of Cameo apples? (Unit: $)\nFirst generate a step-by-step solution, then answer the question using a single word or phrase."}, {"from": "assistant", "value": "Solution:\n1. The cost of Cameo apples is $0.71 per kilogram.\n2. For 2 kilograms, the total cost is 2 \u00d7 $0.71 = $1.42.\nAnswer: $1.42"}]}, {"image": "32214.png", "conversations": [{"from": "user", "value": "A real estate agent tracked the number of homes recently sold in each of the nearby cities she served. In 2007, which city had the fewest home sales?\nOptions:\n(A) Liberty City\n(B) Charles Falls\n(C) Briggs Corner\nFirst generate a step-by-step solution, then answer with the option\u2019s letter from the given choices directly."}, {"from": "assistant", "value": "Solution:\n1. In 2007, the number of homes sold in each city is:\n   - Briggs Corner: 14\n   - Charles Falls: 11\n   - Liberty City: 10\n2. Compare the numbers: 14, 11, and 10.\n3. The fewest homes were sold in Liberty City with 10 homes.\nAnswer: A"}]}, {"image": "4830.png", "conversations": [{"from": "user", "value": "Look at this table. Is this relation a function?\nOptions:\n(A) yes\n(B) no\nFirst generate a step-by-step solution, then answer with the option\u2019s letter from the given choices directly."}, {"from": "assistant", "value": "Solution:\n1. A relation is a function if each input \\( x \\) has exactly one output \\( y \\).\n2. Check the values of \\( x \\): 1, 5, 10.\n3. Each \\( x \\) value (1, 5, 10) corresponds to only one \\( y \\) value (1, 18, 15).\n4. No \\( x \\) value is repeated with a different \\( y \\) value.\n\nAnswer: A"}]}, {"image": "35998.png", "conversations": [{"from": "user", "value": "Some friends went bowling and kept track of their scores. Who had the highest score?\nOptions:\n(A) Megan\n(B) Hannah\n(C) Camilla\n(D) Jason\nFirst generate a step-by-step solution, then answer with the option\u2019s letter from the given choices directly."}, {"from": "assistant", "value": "Solution:\n1. List the scores: Megan - 188, Hannah - 138, Camilla - 112, Jason - 131.\n2. Identify the highest score: 188.\n3. Megan has the highest score.\nAnswer: A"}]}, {"image": "15924.png", "conversations": [{"from": "user", "value": "A dentist was making note of her upcoming appointments with different aged patients and the reasons for their visits. What is the probability that a randomly selected appointment is with patients under 18 years old and is for a regular cleaning? Simplify any fractions.\nFirst generate a step-by-step solution, then answer the question using a single word or phrase."}, {"from": "assistant", "value": "Solution:\n1. Total appointments for patients under 18 years old: 3 (regular cleaning) + 3 (broken tooth) = 6.\n2. Total appointments for patients 19-60 years old: 5 (regular cleaning) + 6 (broken tooth) = 11.\n3. Total appointments overall: 6 + 11 = 17.\n4. Appointments with patients under 18 years old for regular cleaning: 3.\n5. Probability = (Appointments for regular cleaning under 18) / (Total appointments) = 3/17.\n\nAnswer: 3/17"}]}, {"image": "25250.png", "conversations": [{"from": "user", "value": "Billy counted the number of pieces of pepperoni on each pizza he made. How many pizzas had fewer than 50 pieces of pepperoni?\nFirst generate a step-by-step solution, then answer the question using a single word or phrase."}, {"from": "assistant", "value": "Solution:\n1. The stem-and-leaf plot shows numbers: 10, 14, 14, 24, 25, 26, 26, 35, 37, 37, 47, 48.\n2. All numbers are less than 50.\n3. Count the numbers: there are 12 numbers.\nAnswer: 12"}]}, {"image": "17525.png", "conversations": [{"from": "user", "value": "Look at the table. Then answer the question. At a price of $985, is there a shortage or a surplus?\nOptions:\n(A) shortage\n(B) surplus\nFirst generate a step-by-step solution, then answer with the option\u2019s letter from the given choices directly."}, {"from": "assistant", "value": "Solution:\n1. At a price of $985, the quantity demanded is 4,200 and the quantity supplied is 20,300.\n2. Since quantity supplied (20,300) is greater than quantity demanded (4,200), there is a surplus.\nAnswer: B"}]}, {"image": "24255.png", "conversations": [{"from": "user", "value": "Look at Lou's pay stub. Lou lives in a state without state income tax. How much payroll tax did Lou pay in total? (Unit: $)\nFirst generate a step-by-step solution, then answer the question using a single word or phrase."}, {"from": "assistant", "value": "Solution:\n1. Federal income tax: $749.30\n2. Other taxes: $380.51\n3. Total taxes = Federal income tax + Other taxes = $749.30 + $380.51 = $1,129.81\nAnswer: $1,129.81"}]}, {"image": "34255.png", "conversations": [{"from": "user", "value": "Professor Dickerson released the results of yesterday's pop quiz. How many students scored exactly 66 points?\nFirst generate a step-by-step solution, then answer the question using a single word or phrase."}, {"from": "assistant", "value": "Solution:\n1. Look at the \"Stem\" of 6 and find the \"Leaf\" of 6.\n2. The scores in the 60s are 63, 65, 66, 69.\n3. There is one student who scored exactly 66.\nAnswer: 1"}]}, {"image": "28730.png", "conversations": [{"from": "user", "value": "A dog show enthusiast recorded the weight of the winning dog at recent dog shows. According to the table, what was the rate of change between 2009 and 2010? (Unit: kilograms per year)\nFirst generate a step-by-step solution, then answer the question using a single word or phrase."}, {"from": "assistant", "value": "Solution:\n1. Weight in 2009: 28 kg\n2. Weight in 2010: 47 kg\n3. Rate of change = Weight in 2010 - Weight in 2009 = 47 kg - 28 kg = 19 kg\n4. Time period = 2010 - 2009 = 1 year\n5. Rate of change = 19 kg per year\n\nAnswer: 19"}]}, {"image": "18758.png", "conversations": [{"from": "user", "value": "The table shows a function. Is the function linear or nonlinear?\nOptions:\n(A) linear\n(B) nonlinear\nFirst generate a step-by-step solution, then answer with the option\u2019s letter from the given choices directly."}, {"from": "assistant", "value": "Solution:\n1. Calculate the differences in \\( x \\): \\( 18 - 17 = 1 \\) and \\( 19 - 18 = 1 \\).\n2. Calculate the differences in \\( y \\): \\( 13 - 12 = 1 \\) and \\( 14 - 13 = 1 \\).\n3. Both \\( x \\) and \\( y \\) increase by the same amount (1) consistently.\n4. The function has a constant rate of change, indicating it is linear.\n\nAnswer: A"}]}, {"image": "28095.png", "conversations": [{"from": "user", "value": "How much more does a crystal sculpture cost than a crystal vase? (Unit: $)\nFirst generate a step-by-step solution, then answer the question using a single word or phrase."}, {"from": "assistant", "value": "Solution:\n1. The cost of the crystal sculpture is $86.94.\n2. The cost of the crystal vase is $63.84.\n3. Subtract the cost of the crystal vase from the crystal sculpture: $86.94 - $63.84 = $23.10.\nAnswer: $23.10"}]}, {"image": "12008.png", "conversations": [{"from": "user", "value": "Mrs. Sandoval, the biology teacher, asked her students how many times they went to the science museum last year. How many students went to the science museum more than 1 time?\nFirst generate a step-by-step solution, then answer the question using a single word or phrase."}, {"from": "assistant", "value": "Solution:\n1. Identify frequencies for trips more than 1 time: 2 trips (0 students), 3 trips (6 students), 4 trips (19 students), 5 trips (10 students), 6 trips (17 students).\n2. Add the frequencies: 0 + 6 + 19 + 10 + 17 = 52.\nAnswer: 52"}]}, {"image": "31519.png", "conversations": [{"from": "user", "value": "A newspaper researched how many grocery stores there are in each town. What is the mean of the numbers?\nFirst generate a step-by-step solution, then answer the question using a single word or phrase."}, {"from": "assistant", "value": "Solution:\n1. List the numbers of stores: 10, 10, 7, 2, 5, 3, 10, 9.\n2. Calculate the sum: 10 + 10 + 7 + 2 + 5 + 3 + 10 + 9 = 56.\n3. Count the number of towns: 8.\n4. Calculate the mean: 56 \u00f7 8 = 7.\nAnswer: 7"}]}, {"image": "6416.png", "conversations": [{"from": "user", "value": "A real estate agent evaluated the number of houses sold this year in each town in Randolph County. What fraction of houses sold in Randolph County were in Livingston? Simplify your answer.\nFirst generate a step-by-step solution, then answer the question using a single word or phrase."}, {"from": "assistant", "value": "Solution:\n1. Total houses sold = 540 (Lexington) + 620 (Livingston) + 540 (Other) = 1,700.\n2. Houses sold in Livingston = 620.\n3. Fraction of houses sold in Livingston = 620 / 1,700.\n4. Simplify the fraction: \n   - Divide both numerator and denominator by 20: 620 \u00f7 20 = 31, 1,700 \u00f7 20 = 85.\n   - The simplified fraction is 31/85.\nAnswer: 31/85"}]}, {"image": "37689.png", "conversations": [{"from": "user", "value": "An agricultural agency is researching how much cheese people have been eating in different parts of the world. Which country consumed less cheese per capita in 2006, Canada or Austria?\nOptions:\n(A) Austria\n(B) Canada\nFirst generate a step-by-step solution, then answer with the option\u2019s letter from the given choices directly."}, {"from": "assistant", "value": "Solution:\n1. In 2006, Canada consumed 11 kg of cheese per capita.\n2. In 2006, Austria consumed 17 kg of cheese per capita.\n3. Compare the two values: 11 kg (Canada) is less than 17 kg (Austria).\nAnswer: B"}]}, {"image": "38039.png", "conversations": [{"from": "user", "value": "Julian has $3.50. Does he have enough to buy a trip through the Crazy Fun House and a ride on the Big Drop?\nOptions:\n(A) yes\n(B) no\nFirst generate a step-by-step solution, then answer with the option\u2019s letter from the given choices directly."}, {"from": "assistant", "value": "Solution:\n1. Cost of a trip through the Crazy Fun House: $2.63.\n2. Cost of a ride on the Big Drop: $1.08.\n3. Total cost: $2.63 + $1.08 = $3.71.\n4. Julian has $3.50, which is less than $3.71.\nAnswer: B"}]}, {"image": "13057.png", "conversations": [{"from": "user", "value": "How much money does Mandy need to buy a plane ticket to Chicago and a plane ticket to Atlanta? (Unit: $)\nFirst generate a step-by-step solution, then answer the question using a single word or phrase."}, {"from": "assistant", "value": "Solution:\n1. The cost of a plane ticket to Chicago is $142.\n2. The cost of a plane ticket to Atlanta is $692.\n3. Total cost = $142 + $692 = $834.\nAnswer: 834"}]}, {"image": "32444.png", "conversations": [{"from": "user", "value": "An archer recalled how many times he hit the bull's-eye in the past 4 days. On which day did the archer hit the fewest bull's-eyes?\nOptions:\n(A) Tuesday\n(B) Wednesday\n(C) Thursday\n(D) Friday\nFirst generate a step-by-step solution, then answer with the option\u2019s letter from the given choices directly."}, {"from": "assistant", "value": "Solution:\n1. Number of bull's-eyes on each day:\n   - Tuesday: 11\n   - Wednesday: 12\n   - Thursday: 19\n   - Friday: 13\n2. The fewest bull's-eyes were hit on Tuesday with 11 bull's-eyes.\nAnswer: A"}]}, {"image": "1882.png", "conversations": [{"from": "user", "value": "Worried about going over his storage limit, Hakim monitored the number of undeleted voicemail messages stored on his phone each day. According to the table, what was the rate of change between Tuesday and Wednesday? (Unit: voicemail messages per day)\nFirst generate a step-by-step solution, then answer the question using a single word or phrase."}, {"from": "assistant", "value": "Solution:\n1. Number of messages on Tuesday: 25\n2. Number of messages on Wednesday: 19\n3. Rate of change = Wednesday messages - Tuesday messages = 19 - 25 = -6\nAnswer: -6"}]}, {"image": "22289.png", "conversations": [{"from": "user", "value": "Austin's Candies has been studying how much chocolate people have been eating in different countries. Which country consumed less chocolate per capita in 2002, Australia or Austria?\nOptions:\n(A) Austria\n(B) Australia\nFirst generate a step-by-step solution, then answer with the option\u2019s letter from the given choices directly."}, {"from": "assistant", "value": "Solution:\n1. In 2002, Australia's chocolate consumption per capita was 4 kg.\n2. In 2002, Austria's chocolate consumption per capita was 8 kg.\n3. Australia consumed less chocolate per capita than Austria in 2002.\nAnswer: B"}]}, {"image": "2725.png", "conversations": [{"from": "user", "value": "A crayon factory monitored the number of broken crayons per box during the past day. What is the smallest number of broken crayons? (Unit: broken crayons)\nFirst generate a step-by-step solution, then answer the question using a single word or phrase."}, {"from": "assistant", "value": "Solution:\n1. The stem-and-leaf plot shows numbers by combining the stem and leaf.\n2. The smallest stem is 3, and the smallest leaf in that row is 1.\n3. Therefore, the smallest number of broken crayons is 31.\nAnswer: 31"}]}, {"image": "6383.png", "conversations": [{"from": "user", "value": "Each tin has 10 muffins. How many muffins are in 6 tins?\nFirst generate a step-by-step solution, then answer the question using a single word or phrase."}, {"from": "assistant", "value": "Solution:\n1. Each tin contains 10 muffins.\n2. For 6 tins, calculate: 6 tins \u00d7 10 muffins/tin = 60 muffins.\nAnswer: 60"}]}, {"image": "21748.png", "conversations": [{"from": "user", "value": "Each jar has 5 pickles. How many pickles are in 6 jars?\nFirst generate a step-by-step solution, then answer the question using a single word or phrase."}, {"from": "assistant", "value": "Solution:\n1. Each jar contains 5 pickles.\n2. For 6 jars, calculate \\(6 \\times 5 = 30\\) pickles.\nAnswer: 30"}]}, {"image": "8343.png", "conversations": [{"from": "user", "value": "Each cow pasture has 10 sprinklers. How many sprinklers are in 3 cow pastures?\nFirst generate a step-by-step solution, then answer the question using a single word or phrase."}, {"from": "assistant", "value": "Solution:\n1. Each cow pasture has 10 sprinklers.\n2. For 3 cow pastures, multiply 3 by 10.\n3. \\(3 \\times 10 = 30\\) sprinklers.\nAnswer: 30"}]}, {"image": "371.png", "conversations": [{"from": "user", "value": "Look at the table. Then answer the question. At a price of $50, is there a shortage or a surplus?\nOptions:\n(A) shortage\n(B) surplus\nFirst generate a step-by-step solution, then answer with the option\u2019s letter from the given choices directly."}, {"from": "assistant", "value": "Solution:\n1. At a price of $50, the quantity demanded is 16,700.\n2. The quantity supplied is 12,500.\n3. Since the quantity demanded (16,700) is greater than the quantity supplied (12,500), there is a shortage.\nAnswer: A"}]}, {"image": "26835.png", "conversations": [{"from": "user", "value": "Josie counted the number of silver beads on each bracelet at Fairfax Jewelry, the store where she works. What is the smallest number of silver beads? (Unit: silver beads)\nFirst generate a step-by-step solution, then answer the question using a single word or phrase."}, {"from": "assistant", "value": "Solution:\n1. Look at the smallest stem, which is 2.\n2. The leaf for stem 2 is 7.\n3. Therefore, the smallest number of silver beads is 27.\nAnswer: 27"}]}, {"image": "36703.png", "conversations": [{"from": "user", "value": "In trying to calculate how much money could be saved by packing lunch, Nathan recorded the amount he spent on lunch each day. According to the table, what was the rate of change between Monday and Tuesday? (Unit: $, per day)\nFirst generate a step-by-step solution, then answer the question using a single word or phrase."}, {"from": "assistant", "value": "Solution:\n1. Amount spent on Monday: $4\n2. Amount spent on Tuesday: $8\n3. Rate of change = Tuesday amount - Monday amount = $8 - $4 = $4\nAnswer: $4"}]}, {"image": "27299.png", "conversations": [{"from": "user", "value": "After a census, 4 nearby towns compared their populations. How many more people live in Lake City than in Hilly Town? (Unit: people)\nFirst generate a step-by-step solution, then answer the question using a single word or phrase."}, {"from": "assistant", "value": "Solution:\n1. Lake City has a population of 8,348.\n2. Hilly Town has a population of 6,746.\n3. The difference is 8,348 - 6,746 = 1,602.\nAnswer: 1,602"}]}, {"image": "27951.png", "conversations": [{"from": "user", "value": "Estelle counted the number of pairs of shoes for sale at each of the shoe stores in the mall. How many stores have fewer than 83 pairs of shoes? (Unit: stores)\nFirst generate a step-by-step solution, then answer the question using a single word or phrase."}, {"from": "assistant", "value": "Solution:\n1. Convert the stem-and-leaf plot to numbers: 30, 32, 33, 34, 36, 39, 41, 46, 52, 54, 60, 60, 64, 65, 71, 74, 87.\n2. Count numbers less than 83: 30, 32, 33, 34, 36, 39, 41, 46, 52, 54, 60, 60, 64, 65, 71, 74 (16 numbers).\nAnswer: 16"}]}, {"image": "31185.png", "conversations": [{"from": "user", "value": "A real estate agent looked into how many houses were sold in different cities. What is the mean of the numbers?\nFirst generate a step-by-step solution, then answer the question using a single word or phrase."}, {"from": "assistant", "value": "Solution:\n1. Add the numbers of houses sold: 51 + 64 + 54 + 52 + 59 + 56 + 39 + 57 = 432.\n2. Count the number of cities: 8.\n3. Divide the total by the number of cities: 432 \u00f7 8 = 54.\nAnswer: 54"}]}, {"image": "25479.png", "conversations": [{"from": "user", "value": "The school district compared how many swings each elementary school has. What is the mode of the numbers?\nFirst generate a step-by-step solution, then answer the question using a single word or phrase."}, {"from": "assistant", "value": "Solution:\n1. List the numbers: 6, 8, 6, 10, 11, 10, 6, 11.\n2. Count the frequency of each number:\n   - 6 appears 3 times\n   - 8 appears 1 time\n   - 10 appears 2 times\n   - 11 appears 2 times\n3. The mode is the number that appears most frequently, which is 6.\nAnswer: 6"}]}, {"image": "28813.png", "conversations": [{"from": "user", "value": "Look at the following schedule. When does the starfish demonstration begin?\nOptions:\n(A) 8:55 A.M.\n(B) 9:30 A.M.\n(C) 8:30 A.M.\n(D) 1:25 P.M.\nFirst generate a step-by-step solution, then answer with the option\u2019s letter from the given choices directly."}, {"from": "assistant", "value": "Solution:\n1. Locate the starfish demonstration row in the schedule.\n2. The \"Begin\" time for the starfish demonstration is listed as 8:30 A.M.\nAnswer: C"}]}, {"image": "24155.png", "conversations": [{"from": "user", "value": "How much money does Avery need to buy an antique fir wood bed and an antique cedar cabinet? (Unit: $)\nFirst generate a step-by-step solution, then answer the question using a single word or phrase."}, {"from": "assistant", "value": "Solution:\n1. The price of the antique fir wood bed is $2,576.\n2. The price of the antique cedar cabinet is $1,405.\n3. Add the two amounts: $2,576 + $1,405 = $3,981.\nAnswer: 3,981"}]}, {"image": "37497.png", "conversations": [{"from": "user", "value": "Johnny's class recorded how many states each student has visited. What is the mean of the numbers?\nFirst generate a step-by-step solution, then answer the question using a single word or phrase."}, {"from": "assistant", "value": "Solution:\n1. Add the numbers: 20 + 46 + 35 + 33 + 22 + 28 + 44 + 44 = 272.\n2. Count the number of students: 8.\n3. Divide the total by the number of students: 272 \u00f7 8 = 34.\nAnswer: 34"}]}, {"image": "7767.png", "conversations": [{"from": "user", "value": "Use the data to answer the question below. Is the following statement about our solar system true or false? The four largest planets are made mainly of gas or ice.\nOptions:\n(A) true\n(B) false\nFirst generate a step-by-step solution, then answer with the option\u2019s letter from the given choices directly."}, {"from": "assistant", "value": "Solution:\n1. List the planets by volume in descending order:\n   - Jupiter: \\(1.43 \\times 10^{15}\\) km\u00b3\n   - Saturn: \\(8.27 \\times 10^{14}\\) km\u00b3\n   - Uranus: \\(6.83 \\times 10^{13}\\) km\u00b3\n   - Neptune: \\(6.25 \\times 10^{13}\\) km\u00b3\n2. Check the primary composition of these planets:\n   - Jupiter: gas\n   - Saturn: gas\n   - Uranus: ice\n   - Neptune: ice\n3. All four largest planets are composed mainly of gas or ice.\nAnswer: A"}]}, {"image": "30458.png", "conversations": [{"from": "user", "value": "Greta tracked how many laps she ran in the past 6 days. What is the range of the numbers?\nFirst generate a step-by-step solution, then answer the question using a single word or phrase."}, {"from": "assistant", "value": "Solution:\n1. Identify the highest number of laps: 56 (Sunday).\n2. Identify the lowest number of laps: 41 (Friday).\n3. Calculate the range: 56 - 41 = 15.\nAnswer: 15"}]}, {"image": "16663.png", "conversations": [{"from": "user", "value": "The employee at the department store counted the number of ties on each tie rack. How many racks have at least 40 ties but fewer than 80 ties? (Unit: racks)\nFirst generate a step-by-step solution, then answer the question using a single word or phrase."}, {"from": "assistant", "value": "Solution:\n1. Convert stem-and-leaf to numbers: 10, 12, 12, 16, 20, 20, 25, 27, 30, 32, 35, 36, 49, 51, 61, 68, 71, 74, 79.\n2. Identify numbers between 40 and 80: 49, 51, 61, 68, 71, 74, 79.\n3. Count these numbers: There are 7 racks.\nAnswer: 7"}]}, {"image": "10924.png", "conversations": [{"from": "user", "value": "An Idaho farmer has been monitoring crop prices over time. In 2004, which crop cost the most per cwt?\nOptions:\n(A) peas\n(B) apples\n(C) lentils\n(D) onions\nFirst generate a step-by-step solution, then answer with the option\u2019s letter from the given choices directly."}, {"from": "assistant", "value": "Solution:\n1. In 2004, the prices per cwt are:\n   - Lentils: $14\n   - Peas: $7\n   - Onions: $7\n   - Apples: $12\n2. The highest price is $14 for lentils.\nAnswer: C"}]}, {"image": "2863.png", "conversations": [{"from": "user", "value": "Each dish has 2 peppermint candies. How many peppermint candies are in 4 dishes?\nFirst generate a step-by-step solution, then answer the question using a single word or phrase."}, {"from": "assistant", "value": "Solution:\n1. Each dish has 2 peppermint candies.\n2. For 4 dishes, calculate 4 \u00d7 2 = 8.\nAnswer: 8"}]}, {"image": "29778.png", "conversations": [{"from": "user", "value": "Every year Somerville has a citywide relay and reports the winning times. According to the table, what was the rate of change between 2013 and 2014? (Unit: minutes per year)\nFirst generate a step-by-step solution, then answer the question using a single word or phrase."}, {"from": "assistant", "value": "Solution:\n1. The winning time in 2013 was 39 minutes.\n2. The winning time in 2014 was 47 minutes.\n3. Calculate the rate of change: 47 - 39 = 8 minutes.\n4. The time span is 1 year.\n5. Therefore, the rate of change is 8 minutes per year.\nAnswer: 8"}]}, {"image": "5012.png", "conversations": [{"from": "user", "value": "How much more does a lawn sprinkler cost than a watering can? (Unit: $)\nFirst generate a step-by-step solution, then answer the question using a single word or phrase."}, {"from": "assistant", "value": "Solution:\n1. The cost of a lawn sprinkler is $23.06.\n2. The cost of a watering can is $19.26.\n3. The difference is $23.06 - $19.26 = $3.80.\nAnswer: $3.80"}]}, {"image": "7404.png", "conversations": [{"from": "user", "value": "Students who graduate from Brennan University can receive Latin honors if they excelled in their studies. What fraction of students receiving honors graduated magna cum laude? Simplify your answer.\nFirst generate a step-by-step solution, then answer the question using a single word or phrase."}, {"from": "assistant", "value": "Solution:\n1. Total number of graduates receiving honors = 19 (Summa cum laude) + 55 (Cum laude) + 97 (Magna cum laude) = 171.\n2. Number of graduates magna cum laude = 97.\n3. Fraction = 97/171.\n4. Simplify 97/171 by finding the greatest common divisor, which is 1.\n5. The simplified fraction is 97/171.\n\nAnswer: 97/171"}]}, {"image": "11112.png", "conversations": [{"from": "user", "value": "The table shows a function. Is the function linear or nonlinear?\nOptions:\n(A) linear\n(B) nonlinear\nFirst generate a step-by-step solution, then answer with the option\u2019s letter from the given choices directly."}, {"from": "assistant", "value": "Solution:\n1. Check the changes in \\( x \\): 7 to 8 (+1), 8 to 9 (+1).\n2. Check the changes in \\( y \\): 20 to 16 (-4), 16 to 6 (-10).\n3. The changes in \\( y \\) are not consistent for equal changes in \\( x \\).\n4. Since the rate of change is not constant, the function is nonlinear.\nAnswer: B"}]}, {"image": "26230.png", "conversations": [{"from": "user", "value": "Kenny tracked how many laps he ran in the past 5 days. What is the median of the numbers?\nFirst generate a step-by-step solution, then answer the question using a single word or phrase."}, {"from": "assistant", "value": "Solution:\n1. List the numbers in ascending order: 50, 51, 52, 52, 52.\n2. The third number is the median, which is 52.\nAnswer: 52"}]}, {"image": "23731.png", "conversations": [{"from": "user", "value": "Aaliyah graphed the temperature at noon for 5 days. What is the mode of the numbers?\nFirst generate a step-by-step solution, then answer the question using a single word or phrase."}, {"from": "assistant", "value": "Solution:\n1. List the temperatures: 11, 14, 14, 14, 11.\n2. Identify the number that appears most frequently: 14 appears three times.\nAnswer: 14"}]}, {"image": "2413.png", "conversations": [{"from": "user", "value": "Stacy jotted down how many baskets she made during basketball practice each day. What is the mode of the numbers?\nFirst generate a step-by-step solution, then answer the question using a single word or phrase."}, {"from": "assistant", "value": "Solution:\n1. List the numbers: 6, 8, 2, 2, 6, 8, 6.\n2. Count the frequency of each number:\n   - 2 appears 2 times.\n   - 6 appears 3 times.\n   - 8 appears 2 times.\n3. The mode is the number that appears most frequently, which is 6.\nAnswer: 6"}]}, {"image": "6903.png", "conversations": [{"from": "user", "value": "Dirk counted the number of desks in each classroom at his school. What is the largest number of desks? (Unit: desks)\nFirst generate a step-by-step solution, then answer the question using a single word or phrase."}, {"from": "assistant", "value": "Solution:\n1. The stem and leaf plot shows the following numbers:\n   - 12, 19\n   - 24, 29\n   - 34, 37, 37, 39\n   - 40, 41, 42, 48, 49\n2. The largest number is 49.\nAnswer: 49"}]}, {"image": "5541.png", "conversations": [{"from": "user", "value": "Some farmers compared how many tractors they own. What is the range of the numbers?\nFirst generate a step-by-step solution, then answer the question using a single word or phrase."}, {"from": "assistant", "value": "Solution:\n1. List the numbers: 4, 4, 7, 17, 5, 1, 4.\n2. Identify the smallest number: 1.\n3. Identify the largest number: 17.\n4. Calculate the range: 17 - 1 = 16.\nAnswer: 16"}]}, {"image": "9940.png", "conversations": [{"from": "user", "value": "A food magazine published a listing of local restaurant ratings. How many restaurants were rated exactly 35 points? (Unit: restaurants)\nFirst generate a step-by-step solution, then answer the question using a single word or phrase."}, {"from": "assistant", "value": "Solution:\n1. The stem \"3\" represents the tens digit, and the leaf \"5\" represents the units digit.\n2. Find the row with stem \"3\" and look for leaf \"5\".\n3. There are two \"5\" leaves in the stem \"3\" row.\nAnswer: 2"}]}, {"image": "4033.png", "conversations": [{"from": "user", "value": "How much money does Caden need to buy a piece of striped paper and a piece of pink paper? (Unit: $)\nFirst generate a step-by-step solution, then answer the question using a single word or phrase."}, {"from": "assistant", "value": "Solution:\n1. The cost of a piece of striped paper is $0.34.\n2. The cost of a piece of pink paper is $0.20.\n3. Total cost is $0.34 + $0.20 = $0.54.\nAnswer: $0.54"}]}, {"image": "35866.png", "conversations": [{"from": "user", "value": "Anna, an employee at Everett's Convenience Store, looked at the sales of each of its soda products. How much did the convenience store make from Refresh Mineral Water sales on Saturday? (Unit: $)\nFirst generate a step-by-step solution, then answer the question using a single word or phrase."}, {"from": "assistant", "value": "Solution:\n1. Locate the sales for Refresh Mineral Water on Saturday in the table.\n2. The sales amount is $4.\nAnswer: $4"}]}, {"image": "33684.png", "conversations": [{"from": "user", "value": "Edmond purchased 2/5 of a pound of small binder clips. What was the total cost? (Unit: $)\nFirst generate a step-by-step solution, then answer the question using a single word or phrase."}, {"from": "assistant", "value": "Solution:\n1. The cost of small binder clips is $5 per pound.\n2. Edmond purchased 2/5 of a pound.\n3. Calculate the cost: \\( 5 \\times \\frac{2}{5} = 2 \\).\nAnswer: 2"}]}, {"image": "1851.png", "conversations": [{"from": "user", "value": "A museum curator counted the number of paintings in each exhibit at the art museum. How many exhibits have exactly 91 paintings?\nFirst generate a step-by-step solution, then answer the question using a single word or phrase."}, {"from": "assistant", "value": "Solution:\n1. The stem \"9\" represents the tens digit, and the leaf \"0\" represents the units digit.\n2. The number 90 is represented, indicating there are no exhibits with 91 paintings.\n3. Therefore, there are 0 exhibits with exactly 91 paintings.\nAnswer: 0"}]}, {"image": "18015.png", "conversations": [{"from": "user", "value": "Percy's classmates revealed how many science articles they read. What is the range of the numbers?\nFirst generate a step-by-step solution, then answer the question using a single word or phrase."}, {"from": "assistant", "value": "Solution:\n1. List the numbers: 6, 7, 2, 5, 6, 5, 3, 6.\n2. Identify the smallest number: 2.\n3. Identify the largest number: 7.\n4. Calculate the range: 7 - 2 = 5.\nAnswer: 5"}]}, {"image": "23409.png", "conversations": [{"from": "user", "value": "Ronald has $11.00. Does he have enough to buy a book about dogs and a book about baseball?\nOptions:\n(A) yes\n(B) no\nFirst generate a step-by-step solution, then answer with the option\u2019s letter from the given choices directly."}, {"from": "assistant", "value": "Solution:\n1. The price of the book about dogs is $3.00.\n2. The price of the book about baseball is $9.00.\n3. The total cost is $3.00 + $9.00 = $12.00.\n4. Ronald has $11.00, which is less than $12.00.\nAnswer: B"}]}, {"image": "34326.png", "conversations": [{"from": "user", "value": "Each roof has 10 parakeets. How many parakeets are on 6 roofs?\nFirst generate a step-by-step solution, then answer the question using a single word or phrase."}, {"from": "assistant", "value": "Solution:\n1. Each roof has 10 parakeets.\n2. For 6 roofs, calculate the total number of parakeets: 6 roofs \u00d7 10 parakeets per roof = 60 parakeets.\nAnswer: 60"}]}, {"image": "29078.png", "conversations": [{"from": "user", "value": "A machine dispensed red gumdrops into bags of various sizes. How many bags had exactly 64 red gumdrops? (Unit: bags)\nFirst generate a step-by-step solution, then answer the question using a single word or phrase."}, {"from": "assistant", "value": "Solution:\n1. Look at the stem \"6\" and find the leaves.\n2. The leaves are 4, 4, 4, 6.\n3. Count how many times \"4\" appears: it appears 3 times.\nAnswer: 3 bags"}]}, {"image": "38124.png", "conversations": [{"from": "user", "value": "Each drawer has 5 pens. How many pens are in 4 drawers? (Unit: pens)\nFirst generate a step-by-step solution, then answer the question using a single word or phrase."}, {"from": "assistant", "value": "Solution:\n1. Each drawer contains 5 pens.\n2. For 4 drawers, calculate the total number of pens: 4 drawers \u00d7 5 pens/drawer = 20 pens.\nAnswer: 20"}]}, {"image": "6387.png", "conversations": [{"from": "user", "value": "A technical support line tracked how many calls it received each day. How many more calls did the support line receive on Saturday than on Monday? (Unit: calls)\nFirst generate a step-by-step solution, then answer the question using a single word or phrase."}, {"from": "assistant", "value": "Solution:\n1. Number of calls on Saturday: 718\n2. Number of calls on Monday: 598\n3. Difference: 718 - 598 = 120\nAnswer: 120"}]}, {"image": "37335.png", "conversations": [{"from": "user", "value": "A cable company analyst paid attention to how many new customers it had each day. What is the median of the numbers?\nFirst generate a step-by-step solution, then answer the question using a single word or phrase."}, {"from": "assistant", "value": "Solution:\n1. List the numbers in ascending order: 2, 2, 5, 5, 9, 10, 10.\n2. The fourth number is the median, which is 5.\nAnswer: 5"}]}, {"image": "31693.png", "conversations": [{"from": "user", "value": "Quincy bought 3 pounds of purple beads. How much did he spend? (Unit: $)\nFirst generate a step-by-step solution, then answer the question using a single word or phrase."}, {"from": "assistant", "value": "Solution:\n1. The cost of purple beads is $4 per pound.\n2. Quincy bought 3 pounds.\n3. Total cost = 3 pounds \u00d7 $4/pound = $12.\nAnswer: 12"}]}, {"image": "3994.png", "conversations": [{"from": "user", "value": "The table shows a function. Is the function linear or nonlinear?\nOptions:\n(A) linear\n(B) nonlinear\nFirst generate a step-by-step solution, then answer with the option\u2019s letter from the given choices directly."}, {"from": "assistant", "value": "Solution:\n1. Calculate the differences in \\( x \\): \\( 8 - 7 = 1 \\), \\( 9 - 8 = 1 \\).\n2. Calculate the differences in \\( y \\): \\( 9 - 15 = -6 \\), \\( 3 - 9 = -6 \\).\n3. The change in \\( y \\) is consistent for each unit change in \\( x \\).\n4. The function is linear because the rate of change is constant.\n\nAnswer: A"}]}, {"image": "20073.png", "conversations": [{"from": "user", "value": "How much money does Damon need to buy 9 boxes of paper clips? (Unit: $)\nFirst generate a step-by-step solution, then answer the question using a single word or phrase."}, {"from": "assistant", "value": "Solution:\n1. The price of one box of paper clips is $0.96.\n2. To find the total cost for 9 boxes, multiply $0.96 by 9.\n3. Calculation: $0.96 \u00d7 9 = $8.64.\nAnswer: $8.64"}]}, {"image": "26065.png", "conversations": [{"from": "user", "value": "Carrie invited her classmates to a pizza party for her birthday. She asked her classmates whether they prefer cheese pizza or pepperoni pizza. She also asked them whether they prefer salad or breadsticks as an appetizer. This table shows the results. Based on the data in the table, which statement is true? \nOptions:\n(A) The students who prefer cheese pizza are as likely to prefer salad as those who prefer pepperoni pizza.\n(B) The students who prefer cheese pizza are less likely to prefer salad than those who prefer pepperoni pizza.\n(C) The students who prefer cheese pizza are more likely to prefer salad than those who prefer pepperoni pizza.\nFirst generate a step-by-step solution, then answer with the option\u2019s letter from the given choices directly."}, {"from": "assistant", "value": "Solution:\n1. Calculate the proportion of cheese pizza lovers who prefer salad: \\( \\frac{7}{17} \\approx 0.41 \\).\n2. Calculate the proportion of pepperoni pizza lovers who prefer salad: \\( \\frac{6}{25} = 0.24 \\).\n3. Compare the proportions: 0.41 (cheese) is greater than 0.24 (pepperoni).\n4. Therefore, students who prefer cheese pizza are more likely to prefer salad.\n\nAnswer: C"}]}, {"image": "25203.png", "conversations": [{"from": "user", "value": "A girl compared the ages of her cousins. What is the mode of the numbers?\nFirst generate a step-by-step solution, then answer the question using a single word or phrase."}, {"from": "assistant", "value": "Solution:\n1. List the ages: 5, 8, 8, 5, 5, 8, 8, 6.\n2. Count the frequency of each age:\n   - Age 5: 3 times\n   - Age 6: 1 time\n   - Age 8: 4 times\n3. The mode is the age that appears most frequently, which is 8.\nAnswer: 8"}]}, {"image": "29355.png", "conversations": [{"from": "user", "value": "An agricultural agency is researching how much cheese people have been eating in different parts of the world. Which country consumed more cheese per capita in 1996, Argentina or Canada?\nOptions:\n(A) Argentina\n(B) Canada\nFirst generate a step-by-step solution, then answer with the option\u2019s letter from the given choices directly."}, {"from": "assistant", "value": "Solution:\n1. Cheese consumption in 1996 for Argentina was 11 kg.\n2. Cheese consumption in 1996 for Canada was 10 kg.\n3. Argentina consumed more cheese per capita than Canada in 1996.\nAnswer: A"}]}, {"image": "33818.png", "conversations": [{"from": "user", "value": "The school district compared how many swings each elementary school has. What is the mode of the numbers?\nFirst generate a step-by-step solution, then answer the question using a single word or phrase."}, {"from": "assistant", "value": "Solution:\n1. List the numbers of swings: 5, 3, 3, 4, 5, 4, 5, 5.\n2. Count the frequency of each number:\n   - 3 appears 2 times.\n   - 4 appears 2 times.\n   - 5 appears 4 times.\n3. The number with the highest frequency is 5.\nAnswer: 5"}]}, {"image": "17068.png", "conversations": [{"from": "user", "value": "Some teachers compared how many years they have been teaching. What is the range of the numbers?\nFirst generate a step-by-step solution, then answer the question using a single word or phrase."}, {"from": "assistant", "value": "Solution:\n1. List the numbers: 17, 16, 20, 23, 13.\n2. Identify the smallest number: 13.\n3. Identify the largest number: 23.\n4. Calculate the range: 23 - 13 = 10.\nAnswer: 10"}]}, {"image": "2483.png", "conversations": [{"from": "user", "value": "A journalist attended a crossword puzzle competition which attracts contestants from different countries. The competition ends when a contestant has accurately completed five different crossword puzzles. For her story, the journalist recorded the home country and final score of each contestant. What is the probability that a randomly selected contestant scored exactly 85 points and is from Argentina? Simplify any fractions.\nFirst generate a step-by-step solution, then answer the question using a single word or phrase."}, {"from": "assistant", "value": "Solution:\n1. Total contestants from Argentina and Brazil: \n   - Argentina: 3 (80 points) + 5 (85 points) = 8\n   - Brazil: 2 (80 points) + 2 (85 points) = 4\n   - Total = 8 + 4 = 12 contestants\n\n2. Contestants from Argentina with exactly 85 points: 5\n\n3. Probability = (Number of Argentina contestants with 85 points) / (Total number of contestants) = 5/12\n\nAnswer: 5/12"}]}, {"image": "22386.png", "conversations": [{"from": "user", "value": "Noah and his brother are at a store shopping for a beanbag chair for their school's library. The store sells beanbag chairs with different fabrics and types of filling. What is the probability that a randomly selected beanbag chair is made from velvet and is filled with beads? Simplify any fractions.\nFirst generate a step-by-step solution, then answer the question using a single word or phrase."}, {"from": "assistant", "value": "Solution:\n1. Total number of beanbag chairs = 3 (Velvet, Foam) + 1 (Velvet, Beads) + 4 (Suede, Foam) + 4 (Suede, Beads) = 12.\n2. Number of beanbag chairs made from velvet and filled with beads = 1.\n3. Probability = Number of favorable outcomes / Total number of outcomes = 1/12.\nAnswer: 1/12"}]}, {"image": "14551.png", "conversations": [{"from": "user", "value": "Over a weekend, Sue counted the number of single scoop ice creams ordered at her store. She tracked the flavors and the day on which it was ordered. What is the probability that a randomly selected ice cream was ordered on a Sunday and was vanilla? Simplify any fractions.\nFirst generate a step-by-step solution, then answer the question using a single word or phrase."}, {"from": "assistant", "value": "Solution:\n1. Total ice creams ordered: 4 (Saturday, Chocolate) + 4 (Saturday, Vanilla) + 1 (Sunday, Chocolate) + 1 (Sunday, Vanilla) = 10.\n2. Ice creams ordered on Sunday and were vanilla: 1.\n3. Probability = (Number of favorable outcomes) / (Total outcomes) = 1/10.\nAnswer: 1/10"}]}, {"image": "9722.png", "conversations": [{"from": "user", "value": "The newspaper photographer logged how many pictures he had taken during the past 5 days. How many pictures in total did the photographer take on Wednesday and Friday? (Unit: pictures)\nFirst generate a step-by-step solution, then answer the question using a single word or phrase."}, {"from": "assistant", "value": "Solution:\n1. Wednesday had 468 pictures.\n2. Friday had 192 pictures.\n3. Therefore, in total there were 468 + 192 = 660 pictures.\nAnswer: 660"}]}, {"image": "6966.png", "conversations": [{"from": "user", "value": "Myra's Candies has been studying how much chocolate people have been eating in different countries. In 2005, how much more chocolate did Belgium consume per capita than Australia? (Unit: kg)\nFirst generate a step-by-step solution, then answer the question using a single word or phrase."}, {"from": "assistant", "value": "Solution:\n1. In 2005, Belgium consumed 11 kg per capita.\n2. In 2005, Australia consumed 5 kg per capita.\n3. The difference is 11 kg - 5 kg = 6 kg.\nAnswer: 6"}]}, {"image": "22104.png", "conversations": [{"from": "user", "value": "The transportation company tracked the number of train tickets sold in the past 4 days. On which day were the most train tickets sold?\nOptions:\n(A) Saturday\n(B) Sunday\n(C) Monday\n(D) Tuesday\nFirst generate a step-by-step solution, then answer with the option\u2019s letter from the given choices directly."}, {"from": "assistant", "value": "Solution:\n1. Saturday: 348 tickets\n2. Sunday: 339 tickets\n3. Monday: 399 tickets\n4. Tuesday: 349 tickets\n5. The highest number of tickets sold is 399 on Monday.\n\nAnswer: C"}]}, {"image": "5153.png", "conversations": [{"from": "user", "value": "Look at the table. Then answer the question. At a price of $610, is there a shortage or a surplus?\nOptions:\n(A) shortage\n(B) surplus\nFirst generate a step-by-step solution, then answer with the option\u2019s letter from the given choices directly."}, {"from": "assistant", "value": "Solution:\n1. At $610, the quantity demanded is 11,000.\n2. At $610, the quantity supplied is 6,600.\n3. Since quantity demanded (11,000) is greater than quantity supplied (6,600), there is a shortage.\nAnswer: A"}]}, {"image": "26918.png", "conversations": [{"from": "user", "value": "Leo paid attention to how many flowers he planted in the garden during the past 4 days. On which day did Leo plant the most flowers?\nOptions:\n(A) Tuesday\n(B) Wednesday\n(C) Thursday\n(D) Friday\nFirst generate a step-by-step solution, then answer with the option\u2019s letter from the given choices directly."}, {"from": "assistant", "value": "Solution:\n1. Compare the number of flowers planted each day:\n   - Tuesday: 49\n   - Wednesday: 43\n   - Thursday: 42\n   - Friday: 41\n2. The highest number is 49 on Tuesday.\nAnswer: A"}]}, {"image": "7560.png", "conversations": [{"from": "user", "value": "Pam wants to buy 1/10 of a kilogram of plastic beads. How much will she spend? (Unit: $)\nFirst generate a step-by-step solution, then answer the question using a single word or phrase."}, {"from": "assistant", "value": "Solution:\n1. The cost of plastic beads is $3 per kilogram.\n2. Pam wants to buy 1/10 of a kilogram.\n3. Calculate the cost: \\(3 \\times \\frac{1}{10} = 0.3\\).\nAnswer: 0.3"}]}, {"image": "7413.png", "conversations": [{"from": "user", "value": "A school interested in expanding its playground counted the number of times that students went down the slide during recess. How many students are there in all?\nFirst generate a step-by-step solution, then answer the question using a single word or phrase."}, {"from": "assistant", "value": "Solution:\n1. Add the frequencies for each number of times: 16 (0 times) + 10 (1 time) + 11 (2 times) + 13 (3 times).\n2. Calculate the total: 16 + 10 + 11 + 13 = 50.\nAnswer: 50"}]}, {"image": "17565.png", "conversations": [{"from": "user", "value": "The week of her birthday, Rachel paid attention to how many pieces of mail she received each day. On which day did Rachel receive the least mail?\nOptions:\n(A) Saturday\n(B) Monday\n(C) Tuesday\n(D) Wednesday\nFirst generate a step-by-step solution, then answer with the option\u2019s letter from the given choices directly."}, {"from": "assistant", "value": "Solution:\n1. Saturday: 10 pieces\n2. Monday: 18 pieces\n3. Tuesday: 12 pieces\n4. Wednesday: 19 pieces\n5. The least number of pieces is 10 on Saturday.\n\nAnswer: A"}]}, {"image": "22390.png", "conversations": [{"from": "user", "value": "Belleville Flooring tracked the number of broken tiles in each shipment it received last year. How many shipments had exactly 24 broken tiles? (Unit: shipments)\nFirst generate a step-by-step solution, then answer the question using a single word or phrase."}, {"from": "assistant", "value": "Solution:\n1. Identify the row with stem \"2\" and look at the leaves: 4, 4, 4, 5, 9, 9.\n2. Count the number of times \"4\" appears in the leaves: 3 times.\nAnswer: 3"}]}, {"image": "9165.png", "conversations": [{"from": "user", "value": "A coffee shop monitored the number of cups of coffee sold each day. On which day did the shop sell the fewest cups?\nOptions:\n(A) Monday\n(B) Tuesday\n(C) Wednesday\n(D) Thursday\nFirst generate a step-by-step solution, then answer with the option\u2019s letter from the given choices directly."}, {"from": "assistant", "value": "Solution:\n1. Monday: 334 cups\n2. Tuesday: 314 cups\n3. Wednesday: 319 cups\n4. Thursday: 341 cups\n5. The fewest cups were sold on Tuesday with 314 cups.\nAnswer: B"}]}, {"image": "2342.png", "conversations": [{"from": "user", "value": "Alvin tracked how many laps he ran in the past 4 days. On which day did Alvin run the fewest laps?\nOptions:\n(A) Sunday\n(B) Monday\n(C) Tuesday\n(D) Wednesday\nFirst generate a step-by-step solution, then answer with the option\u2019s letter from the given choices directly."}, {"from": "assistant", "value": "Solution:\n1. Compare the number of laps each day: \n   - Sunday: 89\n   - Monday: 81\n   - Tuesday: 83\n   - Wednesday: 86\n2. The fewest laps were run on Monday with 81 laps.\nAnswer: B"}]}, {"image": "31139.png", "conversations": [{"from": "user", "value": "Vicky wrote down how many minutes of TV she watched over the past 7 days. What is the median of the numbers?\nFirst generate a step-by-step solution, then answer the question using a single word or phrase."}, {"from": "assistant", "value": "Solution:\n1. List the numbers in ascending order: 91, 96, 97, 98, 99, 99, 100.\n2. The fourth number is the median, which is 98.\nAnswer: 98"}]}, {"image": "22100.png", "conversations": [{"from": "user", "value": "Each restaurant has 5 dishwashers. How many dishwashers are in 5 restaurants?\nFirst generate a step-by-step solution, then answer the question using a single word or phrase."}, {"from": "assistant", "value": "Solution:\n1. Each restaurant has 5 dishwashers.\n2. For 5 restaurants, calculate \\(5 \\times 5 = 25\\) dishwashers.\nAnswer: 25"}]}, {"image": "26714.png", "conversations": [{"from": "user", "value": "Dylan's coach wrote down how many kilometers he had run over the past 5 days. What is the mean of the numbers?\nFirst generate a step-by-step solution, then answer the question using a single word or phrase."}, {"from": "assistant", "value": "Solution:\n1. Add the kilometers: 3 + 2 + 10 + 1 + 4 = 20.\n2. Divide the total by the number of days: 20 \u00f7 5 = 4.\nAnswer: 4"}]}, {"image": "16587.png", "conversations": [{"from": "user", "value": "Mariana has $118.50. Does she have enough to buy a chest of drawers and a set of bunk beds?\nOptions:\n(A) yes\n(B) no\nFirst generate a step-by-step solution, then answer with the option\u2019s letter from the given choices directly."}, {"from": "assistant", "value": "Solution:\n1. Price of chest of drawers: $58.03\n2. Price of set of bunk beds: $58.44\n3. Total cost: $58.03 + $58.44 = $116.47\n4. Mariana has $118.50, which is more than $116.47.\nAnswer: A"}]}, {"image": "35043.png", "conversations": [{"from": "user", "value": "Kevin paid attention to how many flowers he planted in the garden during the past 4 days. On which day did Kevin plant the fewest flowers?\nOptions:\n(A) Monday\n(B) Tuesday\n(C) Wednesday\n(D) Thursday\nFirst generate a step-by-step solution, then answer with the option\u2019s letter from the given choices directly."}, {"from": "assistant", "value": "Solution:\n1. Number of flowers planted each day:\n   - Monday: 45\n   - Tuesday: 48\n   - Wednesday: 41\n   - Thursday: 49\n2. The fewest flowers were planted on Wednesday with 41 flowers.\nAnswer: C"}]}, {"image": "9366.png", "conversations": [{"from": "user", "value": "While doing a project for P. E. class, Layla researched the number of athletes competing in an international sporting event. How many countries have exactly 77 athletes?\nFirst generate a step-by-step solution, then answer the question using a single word or phrase."}, {"from": "assistant", "value": "Solution:\n1. Locate the stem \"7\" in the table.\n2. Check the leaves for \"7\" to find \"7\" and \"7\" (representing 77).\n3. There are two instances of 77.\nAnswer: 2"}]}, {"image": "14775.png", "conversations": [{"from": "user", "value": "Professor Quinn informed her students of their scores on the midterm exam. How many students scored exactly 70 points? (Unit: students)\nFirst generate a step-by-step solution, then answer the question using a single word or phrase."}, {"from": "assistant", "value": "Solution:\n1. Locate the stem \"7\" which represents scores in the 70s.\n2. The leaves for stem \"7\" are 0, 0, 3, 8.\n3. There are two \"0\" leaves, representing scores of 70.\nAnswer: 2"}]}, {"image": "6693.png", "conversations": [{"from": "user", "value": "While writing a paper on making decisions in groups, Bryce researched the size of a number of committees. What is the size of the smallest committee? (Unit: members)\nFirst generate a step-by-step solution, then answer the question using a single word or phrase."}, {"from": "assistant", "value": "Solution:\n1. The stem-and-leaf plot shows committee sizes.\n2. The smallest stem is 3, and the smallest leaf in that stem is 1.\n3. Therefore, the smallest committee size is 31 members.\nAnswer: 31"}]}, {"image": "3644.png", "conversations": [{"from": "user", "value": "A reporter looked through her notebook to remember how many people she had interviewed in the past 4 days. On which day did the reporter interview the fewest people?\nOptions:\n(A) Wednesday\n(B) Thursday\n(C) Friday\n(D) Saturday\nFirst generate a step-by-step solution, then answer with the option\u2019s letter from the given choices directly."}, {"from": "assistant", "value": "Solution:\n1. Wednesday: 36 people\n2. Thursday: 39 people\n3. Friday: 38 people\n4. Saturday: 32 people\n5. The fewest number of people interviewed was on Saturday with 32 people.\nAnswer: D"}]}, {"image": "3598.png", "conversations": [{"from": "user", "value": "Laura tracked the maximum daily wind speed for 7 days. What is the median of the numbers?\nFirst generate a step-by-step solution, then answer the question using a single word or phrase."}, {"from": "assistant", "value": "Solution:\n1. List the wind speeds in ascending order: 42, 44, 44, 45, 45, 46, 47.\n2. The fourth number is the median, which is 45.\nAnswer: 45"}]}, {"image": "15952.png", "conversations": [{"from": "user", "value": "Each drawer in the dresser has 10 sweatshirts. How many sweatshirts are in 5 drawers?\nFirst generate a step-by-step solution, then answer the question using a single word or phrase."}, {"from": "assistant", "value": "Solution:\n1. Each drawer contains 10 sweatshirts.\n2. For 5 drawers: 5 drawers \u00d7 10 sweatshirts/drawer = 50 sweatshirts.\nAnswer: 50"}]}, {"image": "7442.png", "conversations": [{"from": "user", "value": "Olivia counted the number of desks in each classroom at her school. What is the smallest number of desks? (Unit: desks)\nFirst generate a step-by-step solution, then answer the question using a single word or phrase."}, {"from": "assistant", "value": "Solution:\n1. The stem-and-leaf plot shows the numbers: 10, 19, 19, 23, 26, 31, 34, 36, 39, 46, 47.\n2. The smallest number is 10.\nAnswer: 10"}]}, {"image": "1963.png", "conversations": [{"from": "user", "value": "Mr. Eaton, a P.E. teacher, wrote down how much weight each of his students could lift. What is the lowest weight lifted? (Unit: pounds)\nFirst generate a step-by-step solution, then answer the question using a single word or phrase."}, {"from": "assistant", "value": "Solution:\n1. Look at the smallest stem, which is 2.\n2. The smallest leaf for stem 2 is 4.\n3. Therefore, the lowest weight lifted is 24 pounds.\nAnswer: 24"}]}, {"image": "37576.png", "conversations": [{"from": "user", "value": "How much money does Jennifer need to buy a rabbit and a chinchilla? (Unit: $)\nFirst generate a step-by-step solution, then answer the question using a single word or phrase."}, {"from": "assistant", "value": "Solution:\n1. The cost of a rabbit is $106.\n2. The cost of a chinchilla is $179.\n3. Total cost = $106 + $179 = $285.\nAnswer: $285"}]}, {"image": "10940.png", "conversations": [{"from": "user", "value": "A bakery recorded how many cupcakes it sold in the past 4 days. On which day did the bakery sell the fewest cupcakes?\nOptions:\n(A) Sunday\n(B) Monday\n(C) Tuesday\n(D) Wednesday\nFirst generate a step-by-step solution, then answer with the option\u2019s letter from the given choices directly."}, {"from": "assistant", "value": "Solution:\n1. The number of cupcakes sold each day is as follows:\n   - Sunday: 94\n   - Monday: 91\n   - Tuesday: 97\n   - Wednesday: 99\n2. The fewest cupcakes were sold on Monday with 91 cupcakes.\nAnswer: B"}]}, {"image": "1516.png", "conversations": [{"from": "user", "value": "How much money does Todd need to buy 5 hammers and 4 rakes? (Unit: $)\nFirst generate a step-by-step solution, then answer the question using a single word or phrase."}, {"from": "assistant", "value": "Solution:\n1. The price of one hammer is $16.00.\n2. The price of one rake is $18.00.\n3. Cost for 5 hammers: 5 \u00d7 $16.00 = $80.00.\n4. Cost for 4 rakes: 4 \u00d7 $18.00 = $72.00.\n5. Total cost: $80.00 + $72.00 = $152.00.\nAnswer: 152.00"}]}, {"image": "22377.png", "conversations": [{"from": "user", "value": "Wyatt's Flooring sponsored a survey about home flooring preferences. What fraction of respondents preferred vinyl flooring? Simplify your answer.\nFirst generate a step-by-step solution, then answer the question using a single word or phrase."}, {"from": "assistant", "value": "Solution:\n1. Total number of respondents = 470 (Linoleum) + 240 (Vinyl) + 320 (Other) = 1,030.\n2. Number of respondents who preferred vinyl = 240.\n3. Fraction preferring vinyl = 240 / 1,030.\n4. Simplify the fraction: 240 \u00f7 10 = 24, 1,030 \u00f7 10 = 103.\n5. The simplified fraction is 24/103.\n\nAnswer: 24/103"}]}, {"image": "5123.png", "conversations": [{"from": "user", "value": "A store recently released a new line of alarm clocks that emits a smell to wake you up in the morning. The head of sales tracked buyers' ages and which smells they preferred. What is the probability that a randomly selected buyer is a teenager and purchased a clock scented like cinnamon? Simplify any fractions.\nFirst generate a step-by-step solution, then answer the question using a single word or phrase."}, {"from": "assistant", "value": "Solution:\n1. Total number of buyers: 4 (Under 13, Bacon) + 4 (Under 13, Cinnamon) + 2 (Teenager, Bacon) + 5 (Teenager, Cinnamon) = 15.\n2. Number of teenagers who purchased Cinnamon: 5.\n3. Probability = Number of favorable outcomes / Total number of outcomes = 5 / 15.\n4. Simplify the fraction: 5/15 = 1/3.\nAnswer: 1/3"}]}, {"image": "32887.png", "conversations": [{"from": "user", "value": "Toby has $173.00. Does he have enough to buy a basketball ticket and a golf ticket?\nOptions:\n(A) yes\n(B) no\nFirst generate a step-by-step solution, then answer with the option\u2019s letter from the given choices directly."}, {"from": "assistant", "value": "Solution:\n1. The cost of a basketball ticket is $92.00.\n2. The cost of a golf ticket is $75.00.\n3. Total cost for both tickets is $92.00 + $75.00 = $167.00.\n4. Toby has $173.00, which is more than $167.00.\nAnswer: A"}]}, {"image": "7650.png", "conversations": [{"from": "user", "value": "The aquarium's records showed how many tickets were sold in the past 7 days. What is the median of the numbers?\nFirst generate a step-by-step solution, then answer the question using a single word or phrase."}, {"from": "assistant", "value": "Solution:\n1. List the numbers in ascending order: 45, 48, 49, 49, 52, 57, 58.\n2. The fourth number is the median, which is 49.\nAnswer: 49"}]}, {"image": "30957.png", "conversations": [{"from": "user", "value": "An agricultural agency is researching how much cheese people have been eating in different parts of the world. Which country consumed more cheese per capita in 1996, Australia or Argentina?\nOptions:\n(A) Argentina\n(B) Australia\nFirst generate a step-by-step solution, then answer with the option\u2019s letter from the given choices directly."}, {"from": "assistant", "value": "Solution:\n1. Check the cheese consumption for Australia in 1996: 10 kg.\n2. Check the cheese consumption for Argentina in 1996: 11 kg.\n3. Compare the two values: 11 kg (Argentina) is greater than 10 kg (Australia).\nAnswer: A"}]}, {"image": "20764.png", "conversations": [{"from": "user", "value": "Brooke buys 5 kilograms of olive oil and 2 kilograms of canola oil. How much does she spend? (Unit: $)\nFirst generate a step-by-step solution, then answer the question using a single word or phrase."}, {"from": "assistant", "value": "Solution:\n1. Olive oil costs $3.23 per kilogram. For 5 kilograms: \\(5 \\times 3.23 = 16.15\\).\n2. Canola oil costs $3.03 per kilogram. For 2 kilograms: \\(2 \\times 3.03 = 6.06\\).\n3. Total cost: \\(16.15 + 6.06 = 22.21\\).\nAnswer: 22.21"}]}, {"image": "31895.png", "conversations": [{"from": "user", "value": "A stock broker followed the stock prices of a certain set of companies. How much did Thompson Corporation's stock cost on Monday? (Unit: $)\nFirst generate a step-by-step solution, then answer the question using a single word or phrase."}, {"from": "assistant", "value": "Solution:\n1. Locate Thompson Corporation in the table.\n2. Find the stock price for Monday, which is $17.\nAnswer: 17"}]}, {"image": "13472.png", "conversations": [{"from": "user", "value": "Mark is the proud owner of an eclectic bow tie collection. He keeps track of how many bow ties he has, and organizes them by pattern and material. What is the probability that a randomly selected bow tie is designed with swirls and is made of cotton? Simplify any fractions.\nFirst generate a step-by-step solution, then answer the question using a single word or phrase."}, {"from": "assistant", "value": "Solution:\n1. Total number of bow ties = 6 (Velvet Zigzags) + 3 (Cotton Zigzags) + 3 (Velvet Swirls) + 2 (Cotton Swirls) = 14.\n2. Number of swirls and cotton bow ties = 2.\n3. Probability = Number of swirls and cotton bow ties / Total number of bow ties = 2/14.\n4. Simplify 2/14 to 1/7.\nAnswer: 1/7"}]}, {"image": "11572.png", "conversations": [{"from": "user", "value": "For Earth Day, Springfield High's environmental club tracked the number of seeds planted by its members. How many members planted fewer than 5 seeds?\nFirst generate a step-by-step solution, then answer the question using a single word or phrase."}, {"from": "assistant", "value": "Solution:\n1. Calculate the total frequency for seeds planted fewer than 5:\n   - 0 seeds: 4 members\n   - 1 seed: 9 members\n   - 2 seeds: 14 members\n   - 3 seeds: 5 members\n   - 4 seeds: 8 members\n2. Total members = 4 + 9 + 14 + 5 + 8 = 40\nAnswer: 40"}]}, {"image": "21940.png", "conversations": [{"from": "user", "value": "Principal Yamada reported the state test scores from some students at his school. How many students scored fewer than 72 points? (Unit: students)\nFirst generate a step-by-step solution, then answer the question using a single word or phrase."}, {"from": "assistant", "value": "Solution:\n1. The scores are: 20, 21, 23, 31, 35, 69, 70, 72, 77, 78.\n2. Identify scores fewer than 72: 20, 21, 23, 31, 35, 69, 70.\n3. Count these scores: 7 students.\nAnswer: 7"}]}, {"image": "13535.png", "conversations": [{"from": "user", "value": "Look at the following schedule. When does the shark lecture end?\nOptions:\n(A) 8:50 A.M.\n(B) 12:10 P.M.\n(C) 12:15 P.M.\n(D) 8:10 A.M.\nFirst generate a step-by-step solution, then answer with the option\u2019s letter from the given choices directly."}, {"from": "assistant", "value": "Solution:\n1. Locate the shark lecture row in the schedule.\n2. The end time for the shark lecture is 8:50 A.M.\nAnswer: A"}]}, {"image": "16535.png", "conversations": [{"from": "user", "value": "Students at Belleville Middle School wrote and submitted poems for a district-wide writing contest. How many students wrote exactly 2 poems?\nFirst generate a step-by-step solution, then answer the question using a single word or phrase."}, {"from": "assistant", "value": "Solution:\n1. Look at the frequency for 2 poems written.\n2. The frequency is 2.\nAnswer: 2"}]}, {"image": "27126.png", "conversations": [{"from": "user", "value": "The parks department compared how many basketball hoops there are at each park. What is the median of the numbers?\nFirst generate a step-by-step solution, then answer the question using a single word or phrase."}, {"from": "assistant", "value": "Solution:\n1. List the numbers of basketball hoops in ascending order: 1, 1, 2, 2, 4.\n2. The third number is the median, which is 2.\nAnswer: 2"}]}, {"image": "36857.png", "conversations": [{"from": "user", "value": "A volunteer for the local running club counted the number of participants at each race. How many races had exactly 56 participants? (Unit: races)\nFirst generate a step-by-step solution, then answer the question using a single word or phrase."}, {"from": "assistant", "value": "Solution:\n1. The stem \"5\" corresponds to the tens digit, and the leaves \"6 6 6\" correspond to the units digit.\n2. This indicates the numbers 56, 56, and 56.\n3. There are three instances of the number 56.\nAnswer: 3"}]}, {"image": "33792.png", "conversations": [{"from": "user", "value": "The newspaper photographer logged how many pictures he had taken during the past 7 days. What is the median of the numbers?\nFirst generate a step-by-step solution, then answer the question using a single word or phrase."}, {"from": "assistant", "value": "Solution:\n1. List the numbers in ascending order: 81, 84, 89, 97, 97, 100, 100.\n2. The fourth number is the median, which is 97.\nAnswer: 97"}]}, {"image": "16503.png", "conversations": [{"from": "user", "value": "Brenda attended a music store's banjo sale. She counted the types of banjos and made note of their discounts. What is the probability that a randomly selected banjo is 50% off and has 5 strings? Simplify any fractions.\nFirst generate a step-by-step solution, then answer the question using a single word or phrase."}, {"from": "assistant", "value": "Solution:\n1. Total number of banjos: 2 (25% off, 4 strings) + 3 (25% off, 5 strings) + 3 (50% off, 4 strings) + 2 (50% off, 5 strings) = 10.\n2. Number of banjos that are 50% off and have 5 strings: 2.\n3. Probability = Number of favorable outcomes / Total outcomes = 2 / 10 = 1/5.\nAnswer: 1/5"}]}, {"image": "31819.png", "conversations": [{"from": "user", "value": "The county released data about how many schools there are in each town. What is the median of the numbers?\nFirst generate a step-by-step solution, then answer the question using a single word or phrase."}, {"from": "assistant", "value": "Solution:\n1. List the numbers in ascending order: 1, 2, 3, 5, 6.\n2. The third number is the median, which is 3.\nAnswer: 3"}]}, {"image": "32093.png", "conversations": [{"from": "user", "value": "How much money does Jaden need to buy 6 snow plows? (Unit: $)\nFirst generate a step-by-step solution, then answer the question using a single word or phrase."}, {"from": "assistant", "value": "Solution:\n1. The cost of one snow plow is $1,608.00.\n2. To find the cost of 6 snow plows, multiply the cost of one by 6: \\(1,608 \\times 6 = 9,648\\).\nAnswer: $9,648.00"}]}, {"image": "33611.png", "conversations": [{"from": "user", "value": "Sean's campground is close to two hiking trails with scenic destinations. One trail ends at an underground lake in the bottom of a small cave. The other trail ends at a mountain peak. The elevation of each destination is shown on the campground map. Which trail's destination is farther from sea level?\nOptions:\n(A) underground lake\n(B) mountain peak\nFirst generate a step-by-step solution, then answer with the option\u2019s letter from the given choices directly."}, {"from": "assistant", "value": "Solution:\n1. The elevation of the underground lake is -350 ft.\n2. The elevation of the mountain peak is 325 ft.\n3. The distance from sea level is the absolute value of the elevation.\n4. For the underground lake: |-350| = 350 ft.\n5. For the mountain peak: |325| = 325 ft.\n6. The underground lake is farther from sea level because 350 ft > 325 ft.\nAnswer: A"}]}, {"image": "25761.png", "conversations": [{"from": "user", "value": "The movie critic liked to count the number of actors in each movie she saw. What is the largest number of actors? (Unit: actors)\nFirst generate a step-by-step solution, then answer the question using a single word or phrase."}, {"from": "assistant", "value": "Solution:\n1. The stem-and-leaf plot shows numbers in the format \"Stem | Leaf\", which represents tens and units.\n2. The largest stem is 9 with a leaf of 0.\n3. Therefore, the largest number of actors is 90.\nAnswer: 90"}]}, {"image": "6397.png", "conversations": [{"from": "user", "value": "How much more does a jar of pickles cost than a can of peaches? (Unit: $)\nFirst generate a step-by-step solution, then answer the question using a single word or phrase."}, {"from": "assistant", "value": "Solution:\n1. Cost of a jar of pickles: $0.84\n2. Cost of a can of peaches: $0.80\n3. Difference: $0.84 - $0.80 = $0.04\nAnswer: $0.04"}]}, {"image": "36296.png", "conversations": [{"from": "user", "value": "Zane paid attention to how many comic strips he read in the past 4 days. On which day did Zane read the fewest comic strips?\nOptions:\n(A) Monday\n(B) Tuesday\n(C) Wednesday\n(D) Thursday\nFirst generate a step-by-step solution, then answer with the option\u2019s letter from the given choices directly."}, {"from": "assistant", "value": "Solution:\n1. Number of comic strips read each day: \n   - Monday: 14\n   - Tuesday: 15\n   - Wednesday: 12\n   - Thursday: 13\n2. The fewest comic strips were read on Wednesday with 12.\nAnswer: C"}]}, {"image": "397.png", "conversations": [{"from": "user", "value": "Joseph has $174. Does he have enough to buy a bookcase and a coffee table?\nOptions:\n(A) yes\n(B) no\nFirst generate a step-by-step solution, then answer with the option\u2019s letter from the given choices directly."}, {"from": "assistant", "value": "Solution:\n1. The price of the bookcase is $75.\n2. The price of the coffee table is $99.\n3. Total cost for both items is $75 + $99 = $174.\n4. Joseph has $174, which is exactly the total cost.\nAnswer: A"}]}, {"image": "1118.png", "conversations": [{"from": "user", "value": "Look at the following schedule. Linda got on the bus at the riverfront at 9.45 A.M. What time will she get to the old building?\nOptions:\n(A) 8:45 A.M.\n(B) 1:15 P.M.\n(C) 10:45 A.M.\n(D) 3:45 P.M.\nFirst generate a step-by-step solution, then answer with the option\u2019s letter from the given choices directly."}, {"from": "assistant", "value": "Solution:\n1. Linda boards the bus at the riverfront at 9:45 A.M.\n2. The schedule for the old building shows the times: 1:00 P.M., 1:15 P.M., 2:45 P.M., 3:00 P.M., and 3:45 P.M.\n3. The next available time after 9:45 A.M. is 1:15 P.M.\nAnswer: B"}]}, {"image": "8731.png", "conversations": [{"from": "user", "value": "Denise went on a vacation to an amusement park and counted how many rides she went on each day. What is the mean of the numbers?\nFirst generate a step-by-step solution, then answer the question using a single word or phrase."}, {"from": "assistant", "value": "Solution:\n1. Add the number of rides for each day: 5 + 7 + 4 + 4 + 6 + 7 + 9 = 42.\n2. There are 7 days in total.\n3. Calculate the mean: 42 \u00f7 7 = 6.\nAnswer: 6"}]}, {"image": "23329.png", "conversations": [{"from": "user", "value": "Look at the following schedule. Which class begins at 1.00 P.M.?\nOptions:\n(A) Aerobics class\n(B) Running class\n(C) Weightlifting class\n(D) Social Dance class\nFirst generate a step-by-step solution, then answer with the option\u2019s letter from the given choices directly."}, {"from": "assistant", "value": "Solution:\n1. Check the schedule for the class that begins at 1:00 P.M.\n2. Running class begins at 1:00 P.M.\nAnswer: B"}]}, {"image": "27459.png", "conversations": [{"from": "user", "value": "In science class, Cora is learning about places with extreme temperatures. She learns that the highest temperature ever recorded was in Death Valley, California. She also learns that the lowest temperature ever recorded was in Vostok Station, Antarctica. The record-setting temperatures of the two locations are shown in the table. Which location's temperature was further from zero?\nOptions:\n(A) Death Valley\n(B) Vostok Station\nFirst generate a step-by-step solution, then answer with the option\u2019s letter from the given choices directly."}, {"from": "assistant", "value": "Solution:\n1. The temperature in Death Valley is 134\u00b0F.\n2. The temperature in Vostok Station is -128\u00b0F.\n3. The absolute value of 134 is 134.\n4. The absolute value of -128 is 128.\n5. 134 is greater than 128, so the temperature in Death Valley is further from zero.\nAnswer: A"}]}, {"image": "29798.png", "conversations": [{"from": "user", "value": "At Richmond Consulting, the head of human resources examined how the number of employees with health care benefits varied in response to policy changes. According to the table, what was the rate of change between 2007 and 2008? (Unit: employees per year)\nFirst generate a step-by-step solution, then answer the question using a single word or phrase."}, {"from": "assistant", "value": "Solution:\n1. In 2007, there were 14 employees with health care benefits.\n2. In 2008, there were 21 employees with health care benefits.\n3. The rate of change is calculated as the difference in employees divided by the difference in years: \\(21 - 14 = 7\\).\n4. The rate of change is 7 employees per year.\nAnswer: 7"}]}, {"image": "35090.png", "conversations": [{"from": "user", "value": "How much more does a robot stamp cost than a mountain postcard? (Unit: $)\nFirst generate a step-by-step solution, then answer the question using a single word or phrase."}, {"from": "assistant", "value": "Solution:\n1. The cost of a robot stamp is $0.50.\n2. The cost of a mountain postcard is $0.42.\n3. Subtract the cost of the mountain postcard from the robot stamp: $0.50 - $0.42 = $0.08.\nAnswer: $0.08"}]}, {"image": "23222.png", "conversations": [{"from": "user", "value": "The houses in Nicole's town get their water from a local reservoir. Nicole and a group of engineers monitor the water level for safety and health reasons. The change in water level over two months is shown in the table. During which month did the water level change more?\nOptions:\n(A) April\n(B) May\nFirst generate a step-by-step solution, then answer with the option\u2019s letter from the given choices directly."}, {"from": "assistant", "value": "Solution:\n1. April had a change of \\(-6\\) inches.\n2. May had a change of \\(4\\) inches.\n3. The absolute value of April's change is \\(6\\).\n4. The absolute value of May's change is \\(4\\).\n5. \\(6\\) is greater than \\(4\\), so the water level changed more in April.\nAnswer: A"}]}, {"image": "32332.png", "conversations": [{"from": "user", "value": "A drawing class was assigned a final project where students had to choose one art medium and one subject. The teacher kept track of the types of projects submitted. What is the probability that a randomly selected student used chalk and chose to draw a plant? Simplify any fractions.\nFirst generate a step-by-step solution, then answer the question using a single word or phrase."}, {"from": "assistant", "value": "Solution:\n1. Total number of projects: 7 (Acrylic paint, A plant) + 5 (Acrylic paint, An insect) + 3 (Chalk, A plant) + 5 (Chalk, An insect) = 20.\n2. Number of projects using chalk and drawing a plant: 3.\n3. Probability = Number of favorable outcomes / Total number of outcomes = 3/20.\nAnswer: 3/20"}]}, {"image": "30063.png", "conversations": [{"from": "user", "value": "Eliana's class recorded how many cans of food each student collected for their canned food drive. What is the range of the numbers?\nFirst generate a step-by-step solution, then answer the question using a single word or phrase."}, {"from": "assistant", "value": "Solution:\n1. List the numbers: 60, 59, 65, 63, 65.\n2. Identify the smallest number: 59.\n3. Identify the largest number: 65.\n4. Calculate the range: 65 - 59 = 6.\nAnswer: 6"}]}, {"image": "28987.png", "conversations": [{"from": "user", "value": "How much money does Austin need to buy a book about reptiles and a book about Asia? (Unit: $)\nFirst generate a step-by-step solution, then answer the question using a single word or phrase."}, {"from": "assistant", "value": "Solution:\n1. The book about reptiles costs $24.\n2. The book about Asia costs $10.\n3. Total cost is $24 + $10 = $34.\nAnswer: 34"}]}, {"image": "16652.png", "conversations": [{"from": "user", "value": "The school district compared how many swings each elementary school has. What is the mean of the numbers?\nFirst generate a step-by-step solution, then answer the question using a single word or phrase."}, {"from": "assistant", "value": "Solution:\n1. Add the numbers of swings: 18 + 10 + 13 + 18 + 4 + 3 = 66.\n2. Count the number of schools: 6.\n3. Divide the total by the number of schools: 66 \u00f7 6 = 11.\nAnswer: 11"}]}, {"image": "25522.png", "conversations": [{"from": "user", "value": "Each tin has 5 cookies. How many cookies are in 3 tins?\nFirst generate a step-by-step solution, then answer the question using a single word or phrase."}, {"from": "assistant", "value": "Solution:\n1. Each tin contains 5 cookies.\n2. Therefore, 3 tins will have 3 \u00d7 5 = 15 cookies.\nAnswer: 15"}]}, {"image": "9827.png", "conversations": [{"from": "user", "value": "Mrs. Osborne told students how many rounds to expect in the spelling bee based on previous years. According to the table, what was the rate of change between 2016 and 2017? (Unit: rounds per year)\nFirst generate a step-by-step solution, then answer the question using a single word or phrase."}, {"from": "assistant", "value": "Solution:\n1. The number of rounds in 2016 was 11.\n2. The number of rounds in 2017 was 17.\n3. The rate of change is calculated as the difference between the rounds in 2017 and 2016: 17 - 11 = 6 rounds.\n4. The time period is 1 year, so the rate of change is 6 rounds per year.\n\nAnswer: 6 rounds per year"}]}, {"image": "26697.png", "conversations": [{"from": "user", "value": "Look at the following schedule. Nellie just missed the 12.30 P.M. train at Rocky Ravine Town. What time is the next train?\nOptions:\n(A) 2:30 A.M.\n(B) 12:45 P.M.\n(C) 1:30 P.M.\n(D) 11:45 A.M.\nFirst generate a step-by-step solution, then answer with the option\u2019s letter from the given choices directly."}, {"from": "assistant", "value": "Solution:\n1. The times listed for Rocky Ravine Town are 2:30 A.M., 2:45 A.M., 11:15 A.M., 12:30 P.M., and 12:45 P.M.\n2. Nellie just missed the 12:30 P.M. train, so the next train is at 12:45 P.M.\nAnswer: B"}]}, {"image": "33829.png", "conversations": [{"from": "user", "value": "While looking through an almanac at the library, Austen noticed some data showing the population density of various states. In 2000, how many more people per square mile lived in Nevada than in Montana? (Unit: people per square mile)\nFirst generate a step-by-step solution, then answer the question using a single word or phrase."}, {"from": "assistant", "value": "Solution:\n1. Population per square mile in Nevada in 2000: 18\n2. Population per square mile in Montana in 2000: 6\n3. Difference: 18 - 6 = 12\nAnswer: 12"}]}, {"image": "37285.png", "conversations": [{"from": "user", "value": "Several people compared how many Web pages they had visited. Who visited the fewest Web pages?\nOptions:\n(A) Zack\n(B) Ron\n(C) Dean\n(D) Cara\nFirst generate a step-by-step solution, then answer with the option\u2019s letter from the given choices directly."}, {"from": "assistant", "value": "Solution:\n1. List the number of web pages visited by each person:\n   - Zack: 59\n   - Ron: 58\n   - Dean: 51\n   - Cara: 50\n2. Identify the smallest number, which is 50.\n3. Cara visited the fewest web pages.\nAnswer: D"}]}, {"image": "37971.png", "conversations": [{"from": "user", "value": "Naomi wants to buy 1+1/4 pounds of unshelled peanuts. How much will she spend? (Unit: $)\nFirst generate a step-by-step solution, then answer the question using a single word or phrase."}, {"from": "assistant", "value": "Solution:\n1. The price of unshelled peanuts is $2 per pound.\n2. Naomi wants to buy 1.25 pounds.\n3. Calculate the cost: 1.25 pounds \u00d7 $2/pound = $2.50.\nAnswer: 2.50"}]}, {"image": "24154.png", "conversations": [{"from": "user", "value": "During Fitness Day at school, Ruben and his classmates took part in a pull-up competition, keeping track of the results. What is the smallest number of pull-ups done? (Unit: pull-ups)\nFirst generate a step-by-step solution, then answer the question using a single word or phrase."}, {"from": "assistant", "value": "Solution:\n1. The smallest stem is 6.\n2. The smallest leaf in the 6 stem is 1.\n3. Therefore, the smallest number of pull-ups is 61.\nAnswer: 61"}]}, {"image": "25062.png", "conversations": [{"from": "user", "value": "Vivian jotted down how many baskets she made during basketball practice each day. What is the range of the numbers?\nFirst generate a step-by-step solution, then answer the question using a single word or phrase."}, {"from": "assistant", "value": "Solution:\n1. List the numbers of baskets: 4, 3, 2, 2, 5, 3, 6.\n2. Identify the maximum number: 6.\n3. Identify the minimum number: 2.\n4. Calculate the range: 6 - 2 = 4.\nAnswer: 4"}]}, {"image": "10375.png", "conversations": [{"from": "user", "value": "Aisha purchased 4.3 kilograms of orange chocolate. What was the total cost? (Unit: $)\nFirst generate a step-by-step solution, then answer the question using a single word or phrase."}, {"from": "assistant", "value": "Solution:\n1. Orange chocolate costs $3 per kilogram.\n2. Aisha purchased 4.3 kilograms.\n3. Total cost = 4.3 kilograms \u00d7 $3/kilogram = $12.90.\nAnswer: 12.90"}]}, {"image": "19719.png", "conversations": [{"from": "user", "value": "The city recorded how many fire hydrants there are on each street. What is the range of the numbers?\nFirst generate a step-by-step solution, then answer the question using a single word or phrase."}, {"from": "assistant", "value": "Solution:\n1. List the number of hydrants: 8, 7, 8, 5, 9, 6, 15.\n2. Identify the smallest number: 5.\n3. Identify the largest number: 15.\n4. Calculate the range: 15 - 5 = 10.\nAnswer: 10"}]}, {"image": "18653.png", "conversations": [{"from": "user", "value": "How much money does Jenny need to buy a Hawaiian vacation package and a European vacation package? (Unit: $)\nFirst generate a step-by-step solution, then answer the question using a single word or phrase."}, {"from": "assistant", "value": "Solution:\n1. Hawaiian vacation package costs $862.\n2. European vacation package costs $925.\n3. Total cost is $862 + $925 = $1,787.\nAnswer: 1,787"}]}, {"image": "7516.png", "conversations": [{"from": "user", "value": "How much money does Lauren need to buy a topaz pendant and an opal pendant? (Unit: $)\nFirst generate a step-by-step solution, then answer the question using a single word or phrase."}, {"from": "assistant", "value": "Solution:\n1. The cost of the topaz pendant is $7,958.00.\n2. The cost of the opal pendant is $5,511.00.\n3. Add the two amounts: $7,958.00 + $5,511.00 = $13,469.00.\nAnswer: $13,469.00"}]}, {"image": "33355.png", "conversations": [{"from": "user", "value": "Look at the table. Then answer the question. At a price of $720, is there a shortage or a surplus?\nOptions:\n(A) shortage\n(B) surplus\nFirst generate a step-by-step solution, then answer with the option\u2019s letter from the given choices directly."}, {"from": "assistant", "value": "Solution:\n1. At $720, the quantity demanded is 14,300 and the quantity supplied is 1,000.\n2. Since the quantity demanded (14,300) is greater than the quantity supplied (1,000), there is a shortage.\nAnswer: A"}]}, {"image": "4442.png", "conversations": [{"from": "user", "value": "Reid has $160.50. Does he have enough to buy an oil painting and a ceramic vase?\nOptions:\n(A) yes\n(B) no\nFirst generate a step-by-step solution, then answer with the option\u2019s letter from the given choices directly."}, {"from": "assistant", "value": "Solution:\n1. The price of the oil painting is $79.09.\n2. The price of the ceramic vase is $76.99.\n3. Total cost = $79.09 + $76.99 = $156.08.\n4. Reid has $160.50, which is more than $156.08.\nAnswer: A"}]}, {"image": "9953.png", "conversations": [{"from": "user", "value": "How much more does a basketball cost than a bike horn? (Unit: $)\nFirst generate a step-by-step solution, then answer the question using a single word or phrase."}, {"from": "assistant", "value": "Solution:\n1. Price of basketball: $9.89\n2. Price of bike horn: $4.95\n3. Difference: $9.89 - $4.95 = $4.94\nAnswer: $4.94"}]}, {"image": "11697.png", "conversations": [{"from": "user", "value": "Ivan bought 4+1/10 kilograms of salami. How much did he spend? (Unit: $)\nFirst generate a step-by-step solution, then answer the question using a single word or phrase."}, {"from": "assistant", "value": "Solution:\n1. The price of salami is $3 per kilogram.\n2. Ivan bought 4.1 kilograms of salami.\n3. Total cost = 4.1 kg \u00d7 $3/kg = $12.30.\nAnswer: $12.30"}]}, {"image": "30913.png", "conversations": [{"from": "user", "value": "As part of a statistics project, a math class weighed all the children who were willing to participate. How many children weighed at least 10 pounds but less than 30 pounds? (Unit: children)\nFirst generate a step-by-step solution, then answer the question using a single word or phrase."}, {"from": "assistant", "value": "Solution:\n1. Convert the stem and leaf into weights: 12, 23, 28, 28, 39, 49, 57, 67.\n2. Identify weights at least 10 pounds but less than 30 pounds: 12, 23, 28, 28.\n3. Count these weights: 4 children.\nAnswer: 4"}]}, {"image": "3479.png", "conversations": [{"from": "user", "value": "Look at the table. Then answer the question. At a price of $885, is there a shortage or a surplus?\nOptions:\n(A) shortage\n(B) surplus\nFirst generate a step-by-step solution, then answer with the option\u2019s letter from the given choices directly."}, {"from": "assistant", "value": "Solution:\n1. At a price of $885, the quantity demanded is 5,200.\n2. The quantity supplied is 13,300.\n3. Since the quantity supplied (13,300) is greater than the quantity demanded (5,200), there is a surplus.\nAnswer: B"}]}, {"image": "7042.png", "conversations": [{"from": "user", "value": "A journalist attended a crossword puzzle competition which attracts contestants from different countries. The competition ends when a contestant has accurately completed five different crossword puzzles. For her story, the journalist recorded the home country and final score of each contestant. What is the probability that a randomly selected contestant scored exactly 80 points and is from Brazil? Simplify any fractions.\nFirst generate a step-by-step solution, then answer the question using a single word or phrase."}, {"from": "assistant", "value": "Solution:\n1. Total number of contestants = 6 (Argentina, 80 points) + 3 (Brazil, 80 points) + 4 (Argentina, 85 points) + 5 (Brazil, 85 points) = 18.\n2. Number of contestants who scored 80 points and are from Brazil = 3.\n3. Probability = Number of favorable outcomes / Total number of outcomes = 3 / 18.\n4. Simplify the fraction: 3/18 = 1/6.\nAnswer: 1/6"}]}, {"image": "26480.png", "conversations": [{"from": "user", "value": "A museum curator counted the number of paintings in each exhibit at the art museum. How many exhibits have exactly 42 paintings? (Unit: exhibits)\nFirst generate a step-by-step solution, then answer the question using a single word or phrase."}, {"from": "assistant", "value": "Solution:\n1. The stem \"4\" represents the tens digit, and the leaf \"2\" represents the units digit.\n2. Look for \"42\" in the stem-and-leaf plot.\n3. In the \"4\" stem, there are two \"2\" leaves.\n4. Therefore, there are 2 exhibits with exactly 42 paintings.\nAnswer: 2"}]}, {"image": "15422.png", "conversations": [{"from": "user", "value": "Look at the table. Then answer the question. At a price of $965, is there a shortage or a surplus?\nOptions:\n(A) shortage\n(B) surplus\nFirst generate a step-by-step solution, then answer with the option\u2019s letter from the given choices directly."}, {"from": "assistant", "value": "Solution:\n1. At a price of $965, the quantity demanded is 7,600.\n2. The quantity supplied at this price is 17,200.\n3. Since the quantity supplied (17,200) is greater than the quantity demanded (7,600), there is a surplus.\nAnswer: B"}]}, {"image": "21249.png", "conversations": [{"from": "user", "value": "A doctor's records revealed how many patients she saw each month. How many more patients did the doctor see in March than in January? (Unit: patients)\nFirst generate a step-by-step solution, then answer the question using a single word or phrase."}, {"from": "assistant", "value": "Solution:\n1. Number of patients in March: 1,906.\n2. Number of patients in January: 1,526.\n3. Difference: 1,906 - 1,526 = 380.\nAnswer: 380"}]}, {"image": "7869.png", "conversations": [{"from": "user", "value": "A chef kept track of the number of bananas people ate last week in his cafeteria. How many people ate fewer than 3 bananas last week?\nFirst generate a step-by-step solution, then answer the question using a single word or phrase."}, {"from": "assistant", "value": "Solution:\n1. People who ate 0 bananas: 6\n2. People who ate 1 banana: 0\n3. People who ate 2 bananas: 14\n4. Total people who ate fewer than 3 bananas: 6 + 0 + 14 = 20\nAnswer: 20"}]}, {"image": "2182.png", "conversations": [{"from": "user", "value": "Joel's class tracked how many newspapers each student collected for their recycling project. Who collected the fewest newspapers?\nOptions:\n(A) Joel\n(B) Arianna\n(C) Isabelle\n(D) Rob\nFirst generate a step-by-step solution, then answer with the option\u2019s letter from the given choices directly."}, {"from": "assistant", "value": "Solution:\n1. Compare the numbers of newspapers collected:\n   - Joel: 725\n   - Arianna: 752\n   - Isabelle: 772\n   - Rob: 758\n2. The smallest number is 725, collected by Joel.\n\nAnswer: A"}]}, {"image": "32218.png", "conversations": [{"from": "user", "value": "How much money does Ted need to buy 3 ceramic vases and 2 rugs? (Unit: $)\nFirst generate a step-by-step solution, then answer the question using a single word or phrase."}, {"from": "assistant", "value": "Solution:\n1. The price of one ceramic vase is $19.78.\n2. The price of one rug is $40.61.\n3. The cost for 3 ceramic vases is 3 x $19.78 = $59.34.\n4. The cost for 2 rugs is 2 x $40.61 = $81.22.\n5. Total cost is $59.34 + $81.22 = $140.56.\nAnswer: $140.56"}]}, {"image": "6592.png", "conversations": [{"from": "user", "value": "The financial aid office at Hamilton University produced an internal report on the number of students receiving scholarships. According to the table, what was the rate of change between 2011 and 2012? (Unit: students per year)\nFirst generate a step-by-step solution, then answer the question using a single word or phrase."}, {"from": "assistant", "value": "Solution:\n1. The number of students in 2011 was 35.\n2. The number of students in 2012 was 30.\n3. The rate of change is calculated as the difference divided by the number of years: \\(30 - 35 = -5\\).\n4. Since this change occurred over 1 year, the rate of change is \\(-5\\) students per year.\nAnswer: -5"}]}, {"image": "31979.png", "conversations": [{"from": "user", "value": "Todd jotted down how many minutes he spent practicing basketball in the past 4 days. On which day did Todd practice the least?\nOptions:\n(A) Monday\n(B) Tuesday\n(C) Wednesday\n(D) Thursday\nFirst generate a step-by-step solution, then answer with the option\u2019s letter from the given choices directly."}, {"from": "assistant", "value": "Solution:\n1. Review the minutes for each day: \n   - Monday: 79 minutes\n   - Tuesday: 74 minutes\n   - Wednesday: 73 minutes\n   - Thursday: 71 minutes\n2. The least number of minutes is 71, which is on Thursday.\nAnswer: D"}]}, {"image": "36243.png", "conversations": [{"from": "user", "value": "How much money does Sanjay need to buy 3 board games? (Unit: $)\nFirst generate a step-by-step solution, then answer the question using a single word or phrase."}, {"from": "assistant", "value": "Solution:\n1. The price of one board game is $14.00.\n2. Sanjay wants to buy 3 board games.\n3. Multiply the price of one board game by 3: \\(14.00 \\times 3 = 42.00\\).\nAnswer: 42.00"}]}, {"image": "7871.png", "conversations": [{"from": "user", "value": "Look at the table. Then answer the question. At a price of $420, is there a shortage or a surplus?\nOptions:\n(A) shortage\n(B) surplus\nFirst generate a step-by-step solution, then answer with the option\u2019s letter from the given choices directly."}, {"from": "assistant", "value": "Solution:\n1. At a price of $420, the quantity demanded is 16,500.\n2. The quantity supplied is 1,900.\n3. Since quantity demanded (16,500) is greater than quantity supplied (1,900), there is a shortage.\nAnswer: A"}]}, {"image": "13330.png", "conversations": [{"from": "user", "value": "Darell has $837. Does he have enough to buy an MP3 player and a portable DVD player?\nOptions:\n(A) yes\n(B) no\nFirst generate a step-by-step solution, then answer with the option\u2019s letter from the given choices directly."}, {"from": "assistant", "value": "Solution:\n1. The cost of the MP3 player is $422.\n2. The cost of the portable DVD player is $414.\n3. Total cost for both items is $422 + $414 = $836.\n4. Darell has $837, which is more than $836.\nAnswer: A"}]}, {"image": "10519.png", "conversations": [{"from": "user", "value": "A machine at the candy factory dispensed different numbers of lemon-flavored candies into various bags. How many bags had fewer than 44 lemon-flavored candies?\nFirst generate a step-by-step solution, then answer the question using a single word or phrase."}, {"from": "assistant", "value": "Solution:\n1. The stem-and-leaf plot shows numbers as follows:\n   - 21, 23, 25, 26, 28\n   - 32, 39\n   - 46\n   - 50, 52, 56\n   - 60\n   - 70, 70, 76, 78, 79\n   - 80, 80, 86, 86, 88, 89\n   - 90\n2. Identify numbers fewer than 44: 21, 23, 25, 26, 28, 32, 39.\n3. Count these numbers: There are 7 bags.\nAnswer: 7"}]}, {"image": "8084.png", "conversations": [{"from": "user", "value": "Look at this table. Is this relation a function?\nOptions:\n(A) yes\n(B) no\nFirst generate a step-by-step solution, then answer with the option\u2019s letter from the given choices directly."}, {"from": "assistant", "value": "Solution:\n1. A relation is a function if each input \\( x \\) has exactly one output \\( y \\).\n2. Check the \\( x \\) values: 19, 16, 7, 8.\n3. Each \\( x \\) value is unique and pairs with only one \\( y \\) value.\n4. Therefore, each input has exactly one output.\n\nAnswer: A"}]}, {"image": "32767.png", "conversations": [{"from": "user", "value": "Suzie buys 1 pound of rice pudding. How much does she spend? (Unit: $)\nFirst generate a step-by-step solution, then answer the question using a single word or phrase."}, {"from": "assistant", "value": "Solution:\n1. The price of rice pudding is $3 per pound.\n2. Suzie buys 1 pound.\n3. Therefore, she spends $3.\nAnswer: 3"}]}, {"image": "26193.png", "conversations": [{"from": "user", "value": "A county agency recorded the money donated to several charitable causes over time. How much money was raised for medical research in June? (Unit: $)\nFirst generate a step-by-step solution, then answer the question using a single word or phrase."}, {"from": "assistant", "value": "Solution:\n1. Locate the \"Medical research\" row.\n2. Find the column for June.\n3. The amount raised in June for medical research is $3.\nAnswer: $3"}]}, {"image": "22114.png", "conversations": [{"from": "user", "value": "How much money does Elena need to buy a cockatoo and 6 pot-bellied pigs? (Unit: $)\nFirst generate a step-by-step solution, then answer the question using a single word or phrase."}, {"from": "assistant", "value": "Solution:\n1. Cost of one cockatoo: $112.00\n2. Cost of one pot-bellied pig: $275.00\n3. Cost of 6 pot-bellied pigs: 6 \u00d7 $275.00 = $1,650.00\n4. Total cost: $112.00 + $1,650.00 = $1,762.00\nAnswer: $1,762.00"}]}, {"image": "1670.png", "conversations": [{"from": "user", "value": "The parks department compared how many basketball hoops there are at each park. What is the range of the numbers?\nFirst generate a step-by-step solution, then answer the question using a single word or phrase."}, {"from": "assistant", "value": "Solution:\n1. List the numbers of basketball hoops: 2, 3, 8, 6, 4, 6, 10, 9.\n2. Identify the smallest number: 2.\n3. Identify the largest number: 10.\n4. Calculate the range: 10 - 2 = 8.\nAnswer: 8"}]}, {"image": "16855.png", "conversations": [{"from": "user", "value": "If Stacy buys 4.5 pounds of chocolate chip muffin mix, how much will she spend? (Unit: $)\nFirst generate a step-by-step solution, then answer the question using a single word or phrase."}, {"from": "assistant", "value": "Solution:\n1. The price of chocolate chip muffin mix is $2 per pound.\n2. Stacy buys 4.5 pounds.\n3. Total cost = 4.5 pounds \u00d7 $2 per pound = $9.\nAnswer: 9"}]}, {"image": "27498.png", "conversations": [{"from": "user", "value": "Helen jotted down how many minutes she spent practicing piano in the past 4 days. On which day did Helen practice the most?\nOptions:\n(A) Thursday\n(B) Friday\n(C) Saturday\n(D) Sunday\nFirst generate a step-by-step solution, then answer with the option\u2019s letter from the given choices directly."}, {"from": "assistant", "value": "Solution:\n1. Thursday: 27 minutes\n2. Friday: 20 minutes\n3. Saturday: 24 minutes\n4. Sunday: 23 minutes\n5. The highest number of minutes is 27 on Thursday.\n\nAnswer: A"}]}, {"image": "16364.png", "conversations": [{"from": "user", "value": "How much more does a dump truck cost than a crane? (Unit: $)\nFirst generate a step-by-step solution, then answer the question using a single word or phrase."}, {"from": "assistant", "value": "Solution:\n1. The cost of a dump truck is $9,598.\n2. The cost of a crane is $6,595.\n3. Subtract the cost of the crane from the cost of the dump truck: $9,598 - $6,595 = $3,003.\nAnswer: 3,003"}]}, {"image": "6747.png", "conversations": [{"from": "user", "value": "The students in Mr. Morton's class recorded the number of siblings that each has. How many students are there in all?\nFirst generate a step-by-step solution, then answer the question using a single word or phrase."}, {"from": "assistant", "value": "Solution:\n1. Add the frequencies: 16 (0 siblings) + 20 (1 sibling) + 0 (2 siblings) + 15 (3 siblings) + 10 (4 siblings) + 2 (5 siblings).\n2. Total number of students = 16 + 20 + 0 + 15 + 10 + 2 = 63.\nAnswer: 63"}]}, {"image": "7718.png", "conversations": [{"from": "user", "value": "Jen recalled how many minutes she had spent at orchestra rehearsal in the past 4 days. On which day did Jen rehearse the most?\nOptions:\n(A) Thursday\n(B) Friday\n(C) Saturday\n(D) Sunday\nFirst generate a step-by-step solution, then answer with the option\u2019s letter from the given choices directly."}, {"from": "assistant", "value": "Solution:\n1. Compare the minutes for each day:\n   - Thursday: 57 minutes\n   - Friday: 53 minutes\n   - Saturday: 56 minutes\n   - Sunday: 59 minutes\n2. The highest number of minutes is 59 on Sunday.\nAnswer: D"}]}, {"image": "32806.png", "conversations": [{"from": "user", "value": "A balloon artist counted the number of balloon animal requests she received at a party. The balloon requests differed in animal type and color. What is the probability that a randomly selected balloon animal is shaped like a dog and is purple? Simplify any fractions.\nFirst generate a step-by-step solution, then answer the question using a single word or phrase."}, {"from": "assistant", "value": "Solution:\n1. Total number of balloons: 3 (Giraffe, Purple) + 2 (Giraffe, Green) + 5 (Dog, Purple) + 2 (Dog, Green) = 12.\n2. Number of purple dog balloons: 5.\n3. Probability = (Number of purple dog balloons) / (Total number of balloons) = 5/12.\nAnswer: 5/12"}]}, {"image": "24981.png", "conversations": [{"from": "user", "value": "Polly buys 1 kilogram of pistachio pudding. How much does she spend? (Unit: $)\nFirst generate a step-by-step solution, then answer the question using a single word or phrase."}, {"from": "assistant", "value": "Solution:\n1. The cost of pistachio pudding is $2 per kilogram.\n2. Polly buys 1 kilogram.\n3. Therefore, she spends 1 \u00d7 $2 = $2.\nAnswer: $2"}]}, {"image": "26992.png", "conversations": [{"from": "user", "value": "A pumpkin patch monitored the number of pumpkins sold each day. On which day did the pumpkin patch sell the most pumpkins?\nOptions:\n(A) Saturday\n(B) Sunday\n(C) Monday\n(D) Tuesday\nFirst generate a step-by-step solution, then answer with the option\u2019s letter from the given choices directly."}, {"from": "assistant", "value": "Solution:\n1. Compare the number of pumpkins sold each day:\n   - Saturday: 421\n   - Sunday: 442\n   - Monday: 454\n   - Tuesday: 452\n2. The highest number is 454 on Monday.\nAnswer: C"}]}, {"image": "31317.png", "conversations": [{"from": "user", "value": "In science class, Katy is measuring the temperature of different chemical mixtures. The temperatures of two mixtures are shown in the table. Which mixture's temperature is closest to zero?\nOptions:\n(A) bromine mixture\n(B) acetone mixture\nFirst generate a step-by-step solution, then answer with the option\u2019s letter from the given choices directly."}, {"from": "assistant", "value": "Solution:\n1. The temperature of the bromine mixture is -4\u00b0C.\n2. The temperature of the acetone mixture is 5\u00b0C.\n3. The absolute value of -4 is 4, and the absolute value of 5 is 5.\n4. Since 4 is less than 5, the bromine mixture's temperature is closer to zero.\nAnswer: A"}]}, {"image": "378.png", "conversations": [{"from": "user", "value": "The bird-watching club recorded how many birds its members saw each month. In which month did the club see the most birds?\nOptions:\n(A) August\n(B) September\n(C) October\n(D) November\nFirst generate a step-by-step solution, then answer with the option\u2019s letter from the given choices directly."}, {"from": "assistant", "value": "Solution:\n1. Compare the number of birds seen each month:\n   - August: 881\n   - September: 812\n   - October: 821\n   - November: 828\n2. The highest number is 881 in August.\nAnswer: A"}]}, {"image": "19815.png", "conversations": [{"from": "user", "value": "Carrie, an aspiring meteorologist, spent the past few weekends studying the clouds. She took detailed notes on the types of clouds observed and the time of day they were observed. What is the probability that a randomly selected cloud was marked as stratocumulus and was observed in the afternoon? Simplify any fractions.\nFirst generate a step-by-step solution, then answer the question using a single word or phrase."}, {"from": "assistant", "value": "Solution:\n1. Total stratocumulus clouds observed in the afternoon: 3.\n2. Total clouds observed: 4 (stratocumulus morning) + 3 (stratocumulus afternoon) + 4 (stratus morning) + 4 (stratus afternoon) = 15.\n3. Probability = (Number of stratocumulus clouds in the afternoon) / (Total number of clouds) = 3/15.\n4. Simplify the fraction: 3/15 = 1/5.\nAnswer: 1/5"}]}, {"image": "11081.png", "conversations": [{"from": "user", "value": "Lucy has $3.50. Does she have enough to buy a muffin and a chocolate milkshake?\nOptions:\n(A) yes\n(B) no\nFirst generate a step-by-step solution, then answer with the option\u2019s letter from the given choices directly."}, {"from": "assistant", "value": "Solution:\n1. The cost of a muffin is $1.05.\n2. The cost of a chocolate milkshake is $2.54.\n3. Total cost for both items is $1.05 + $2.54 = $3.59.\n4. Lucy has $3.50, which is less than $3.59.\nAnswer: B"}]}, {"image": "21256.png", "conversations": [{"from": "user", "value": "What is the total cost for 1/2 of a pound of mussels? (Unit: $)\nFirst generate a step-by-step solution, then answer the question using a single word or phrase."}, {"from": "assistant", "value": "Solution:\n1. The cost of mussels is $9 per pound.\n2. For 1/2 pound, the cost is \\( \\frac{1}{2} \\times 9 = 4.5 \\).\nAnswer: 4.5"}]}, {"image": "23158.png", "conversations": [{"from": "user", "value": "The parks department compared how many soccer fields there are at each park. What is the mode of the numbers?\nFirst generate a step-by-step solution, then answer the question using a single word or phrase."}, {"from": "assistant", "value": "Solution:\n1. List the number of soccer fields: 3, 1, 1, 3, 1, 2, 2.\n2. Count the frequency of each number:\n   - 1 appears 3 times\n   - 2 appears 2 times\n   - 3 appears 2 times\n3. The mode is the number that appears most frequently, which is 1.\nAnswer: 1"}]}, {"image": "3746.png", "conversations": [{"from": "user", "value": "The advertising agency counted the number of billboards in each city in the state. How many cities have at least 40 billboards but fewer than 60 billboards? (Unit: cities)\nFirst generate a step-by-step solution, then answer the question using a single word or phrase."}, {"from": "assistant", "value": "Solution:\n1. Identify the numbers represented by the stem and leaf plot:\n   - 40s: 43\n   - 50s: 51, 57, 58\n2. Count the numbers in the range 40 to 59: 43, 51, 57, 58.\n3. Total cities in this range: 4.\nAnswer: 4"}]}, {"image": "14180.png", "conversations": [{"from": "user", "value": "Sally went to the store and bought 2+7/10 pounds of vanilla pudding. How much did she spend? (Unit: $)\nFirst generate a step-by-step solution, then answer the question using a single word or phrase."}, {"from": "assistant", "value": "Solution:\n1. The cost of vanilla pudding is $5 per pound.\n2. Sally bought 2 + 7/10 pounds, which is 2.7 pounds.\n3. Calculate the total cost: 2.7 pounds \u00d7 $5 per pound = $13.50.\nAnswer: $13.50"}]}, {"image": "8056.png", "conversations": [{"from": "user", "value": "Nora buys 3/4 of a kilogram of coriander. What is the total cost? (Unit: $)\nFirst generate a step-by-step solution, then answer the question using a single word or phrase."}, {"from": "assistant", "value": "Solution:\n1. The price of coriander is $4 per kilogram.\n2. Nora buys 3/4 of a kilogram.\n3. Calculate the cost: \\( \\frac{3}{4} \\times 4 = 3 \\).\nAnswer: 3"}]}, {"image": "11843.png", "conversations": [{"from": "user", "value": "Look at the following schedule. Dylan just missed the 10.45 A.M. train at the science museum. What time is the next train?\nOptions:\n(A) 11:00 A.M.\n(B) 12:30 P.M.\n(C) 11:30 A.M.\n(D) 12:15 P.M.\nFirst generate a step-by-step solution, then answer with the option\u2019s letter from the given choices directly."}, {"from": "assistant", "value": "Solution:\n1. The times listed for the science museum are 10:30 A.M., 10:45 A.M., and 11:00 A.M.\n2. Dylan just missed the 10:45 A.M. train.\n3. The next train is at 11:00 A.M.\nAnswer: A"}]}, {"image": "9469.png", "conversations": [{"from": "user", "value": "How much more does a book about Australia cost than a book about cats? (Unit: $)\nFirst generate a step-by-step solution, then answer the question using a single word or phrase."}, {"from": "assistant", "value": "Solution:\n1. The cost of the book about Australia is $20.00.\n2. The cost of the book about cats is $16.00.\n3. The difference is $20.00 - $16.00 = $4.00.\nAnswer: $4.00"}]}, {"image": "35462.png", "conversations": [{"from": "user", "value": "For an assignment, Naomi looked at which countries got the most Nobel Prizes in various decades. How many more Nobel Prize winners did France have in the 1980s than in the 1970s? (Unit: Nobel Prize winners)\nFirst generate a step-by-step solution, then answer the question using a single word or phrase."}, {"from": "assistant", "value": "Solution:\n1. France had 3 Nobel Prize winners in the 1970s.\n2. France had 5 Nobel Prize winners in the 1980s.\n3. The difference is 5 - 3 = 2.\nAnswer: 2"}]}, {"image": "15155.png", "conversations": [{"from": "user", "value": "Dana went to the store. She bought 4.9 kilograms of pine nuts. How much did she spend? (Unit: $)\nFirst generate a step-by-step solution, then answer the question using a single word or phrase."}, {"from": "assistant", "value": "Solution:\n1. Pine nuts cost $3 per kilogram.\n2. Dana bought 4.9 kilograms.\n3. Total cost = 4.9 kg \u00d7 $3/kg = $14.70.\nAnswer: $14.70"}]}, {"image": "9219.png", "conversations": [{"from": "user", "value": "Miranda went to the store. She bought 1 kilogram of rice and 3 kilograms of wheat. How much did she spend? (Unit: $)\nFirst generate a step-by-step solution, then answer the question using a single word or phrase."}, {"from": "assistant", "value": "Solution:\n1. The price of rice is $0.49/kg.\n2. The price of wheat is $0.89/kg.\n3. Miranda buys 1 kg of rice: \\(1 \\times 0.49 = 0.49\\).\n4. Miranda buys 3 kg of wheat: \\(3 \\times 0.89 = 2.67\\).\n5. Total cost is \\(0.49 + 2.67 = 3.16\\).\nAnswer: 3.16"}]}, {"image": "3831.png", "conversations": [{"from": "user", "value": "A philanthropic organization compared the amounts of money that its members donated to certain causes. How much more did Jim donate to hunger prevention than to arts education? (Unit: $)\nFirst generate a step-by-step solution, then answer the question using a single word or phrase."}, {"from": "assistant", "value": "Solution:\n1. Jim donated $15 to hunger prevention.\n2. Jim donated $5 to arts education.\n3. The difference is $15 - $5 = $10.\nAnswer: $10"}]}, {"image": "38244.png", "conversations": [{"from": "user", "value": "How much money does Jada need to buy spaghetti and meatballs and grilled eggplant? (Unit: $)\nFirst generate a step-by-step solution, then answer the question using a single word or phrase."}, {"from": "assistant", "value": "Solution:\n1. The price of spaghetti and meatballs is $4.00.\n2. The price of grilled eggplant is $6.00.\n3. Total cost is $4.00 + $6.00 = $10.00.\nAnswer: 10.00"}]}, {"image": "4706.png", "conversations": [{"from": "user", "value": "The table shows a function. Is the function linear or nonlinear?\nOptions:\n(A) linear\n(B) nonlinear\nFirst generate a step-by-step solution, then answer with the option\u2019s letter from the given choices directly."}, {"from": "assistant", "value": "Solution:\n1. Calculate the differences in \\( x \\): \n   - From 12 to 13: increase by 1\n   - From 13 to 14: increase by 1\n2. Calculate the differences in \\( y \\):\n   - From 20 to 14: decrease by 6\n   - From 14 to 5: decrease by 9\n3. The differences in \\( y \\) are not consistent as \\( x \\) increases by 1.\n4. Since the rate of change is not constant, the function is nonlinear.\n\nAnswer: B"}]}, {"image": "9295.png", "conversations": [{"from": "user", "value": "The local high school found out how many members each club had. How many more members does the geology club have than the drama club? (Unit: members)\nFirst generate a step-by-step solution, then answer the question using a single word or phrase."}, {"from": "assistant", "value": "Solution:\n1. Geology club has 185 members.\n2. Drama club has 127 members.\n3. Difference in members: 185 - 127 = 58.\nAnswer: 58"}]}, {"image": "1040.png", "conversations": [{"from": "user", "value": "A crayon factory monitored the number of broken crayons per box during the past day. How many boxes had exactly 85 broken crayons?\nFirst generate a step-by-step solution, then answer the question using a single word or phrase."}, {"from": "assistant", "value": "Solution:\n1. The stem \"8\" corresponds to the tens digit, and the leaf \"5\" corresponds to the units digit.\n2. The number 85 is represented by stem 8 and leaf 5.\n3. There are no entries with a leaf of 5 under the stem 8.\n4. Therefore, there are 0 boxes with exactly 85 broken crayons.\nAnswer: 0"}]}, {"image": "21125.png", "conversations": [{"from": "user", "value": "Look at the table. Then answer the question. At a price of $505, is there a shortage or a surplus?\nOptions:\n(A) shortage\n(B) surplus\nFirst generate a step-by-step solution, then answer with the option\u2019s letter from the given choices directly."}, {"from": "assistant", "value": "Solution:\n1. At a price of $505, the quantity demanded is 12,500.\n2. The quantity supplied at this price is 19,700.\n3. Since quantity supplied (19,700) is greater than quantity demanded (12,500), there is a surplus.\nAnswer: B"}]}, {"image": "19443.png", "conversations": [{"from": "user", "value": "Jim has $13. Does he have enough to buy a glass measuring cup and an ice cream scoop?\nOptions:\n(A) yes\n(B) no\nFirst generate a step-by-step solution, then answer with the option\u2019s letter from the given choices directly."}, {"from": "assistant", "value": "Solution:\n1. The price of a glass measuring cup is $9.\n2. The price of an ice cream scoop is $5.\n3. Total cost for both items is $9 + $5 = $14.\n4. Jim has $13, which is less than $14.\nAnswer: B"}]}, {"image": "5631.png", "conversations": [{"from": "user", "value": "Dr. Morrison, a pediatrician, weighed all the children who recently visited her office. How many children weighed exactly 41 pounds? (Unit: children)\nFirst generate a step-by-step solution, then answer the question using a single word or phrase."}, {"from": "assistant", "value": "Solution:\n1. The stem \"4\" and leaf \"1\" represent the weight 41 pounds.\n2. There is one \"1\" in the leaf section for the stem \"4.\"\n3. Therefore, 1 child weighed exactly 41 pounds.\nAnswer: 1"}]}, {"image": "35215.png", "conversations": [{"from": "user", "value": "Tracy went to the store and bought 5 kilograms of bran flakes and 5 kilograms of muesli. How much did she spend? (Unit: $)\nFirst generate a step-by-step solution, then answer the question using a single word or phrase."}, {"from": "assistant", "value": "Solution:\n1. Cost of bran flakes: $2.26 per kg.\n2. Cost of muesli: $1.54 per kg.\n3. Total cost for bran flakes: 5 kg \u00d7 $2.26 = $11.30.\n4. Total cost for muesli: 5 kg \u00d7 $1.54 = $7.70.\n5. Total amount spent: $11.30 + $7.70 = $19.00.\nAnswer: 19.00"}]}, {"image": "3037.png", "conversations": [{"from": "user", "value": "Look at the following schedule. When does the Tigers versus Wolves game end?\nOptions:\n(A) 3:15 P.M.\n(B) 12:45 P.M.\n(C) 1:10 P.M.\n(D) 11:55 A.M.\nFirst generate a step-by-step solution, then answer with the option\u2019s letter from the given choices directly."}, {"from": "assistant", "value": "Solution:\n1. Locate the row for the \"Tigers versus Wolves\" game.\n2. The end time for this game is 11:55 A.M.\nAnswer: D"}]}, {"image": "18401.png", "conversations": [{"from": "user", "value": "Liam buys 7/10 of a pound of lentils. What is the total cost? (Unit: $)\nFirst generate a step-by-step solution, then answer the question using a single word or phrase."}, {"from": "assistant", "value": "Solution:\n1. Lentils cost $1 per pound.\n2. Liam buys 7/10 of a pound.\n3. Total cost = \\( \\frac{7}{10} \\times 1 = 0.7 \\).\nAnswer: 0.7"}]}, {"image": "16872.png", "conversations": [{"from": "user", "value": "Each locker has 5 soccer balls. How many soccer balls are in 4 lockers? (Unit: soccer balls)\nFirst generate a step-by-step solution, then answer the question using a single word or phrase."}, {"from": "assistant", "value": "Solution:\n1. Each locker contains 5 soccer balls.\n2. For 4 lockers, calculate: 4 lockers \u00d7 5 soccer balls/locker = 20 soccer balls.\nAnswer: 20"}]}, {"image": "25020.png", "conversations": [{"from": "user", "value": "The table shows a function. Is the function linear or nonlinear?\nOptions:\n(A) linear\n(B) nonlinear\nFirst generate a step-by-step solution, then answer with the option\u2019s letter from the given choices directly."}, {"from": "assistant", "value": "Solution:\n1. Check the differences in \\( x \\): 17 - 16 = 1 and 18 - 17 = 1.\n2. Check the differences in \\( y \\): 8 - 15 = -7 and 1 - 8 = -7.\n3. The change in \\( y \\) is consistent for each change in \\( x \\).\n4. A consistent rate of change indicates a linear function.\n\nAnswer: A"}]}, {"image": "15403.png", "conversations": [{"from": "user", "value": "A coffee shop monitored the number of cups of coffee sold each day. On which day did the shop sell the fewest cups?\nOptions:\n(A) Wednesday\n(B) Thursday\n(C) Friday\n(D) Saturday\nFirst generate a step-by-step solution, then answer with the option\u2019s letter from the given choices directly."}, {"from": "assistant", "value": "Solution:\n1. Wednesday: 97 cups\n2. Thursday: 94 cups\n3. Friday: 93 cups\n4. Saturday: 98 cups\n5. The fewest cups were sold on Friday with 93 cups.\nAnswer: C"}]}, {"image": "34764.png", "conversations": [{"from": "user", "value": "For an assignment, Edna looked at which countries got the most Nobel Prizes in various decades. Of the countries shown, which country had the fewest Nobel Prize winners in the 1980s?\nOptions:\n(A) Germany\n(B) Holland\n(C) Italy\n(D) Canada\nFirst generate a step-by-step solution, then answer with the option\u2019s letter from the given choices directly."}, {"from": "assistant", "value": "Solution:\n1. In the 1980s, the number of Nobel Prize winners for each country is:\n   - Germany: 11\n   - Holland: 2\n   - Italy: 3\n   - Canada: 3\n2. Holland had the fewest winners with 2.\nAnswer: B"}]}, {"image": "26512.png", "conversations": [{"from": "user", "value": "In hopes of raising more funds for arts education, some parents in the Greenville School District publicized the current per-student arts education budget. According to the table, what was the rate of change between 2014 and 2015? (Unit: $, per year)\nFirst generate a step-by-step solution, then answer the question using a single word or phrase."}, {"from": "assistant", "value": "Solution:\n1. The per-student budget in 2014 was $40.\n2. The per-student budget in 2015 was $42.\n3. The rate of change is calculated as $42 - $40 = $2.\nAnswer: $2"}]}, {"image": "29359.png", "conversations": [{"from": "user", "value": "A pumpkin patch monitored the number of pumpkins sold each day. What is the range of the numbers?\nFirst generate a step-by-step solution, then answer the question using a single word or phrase."}, {"from": "assistant", "value": "Solution:\n1. List the numbers: 36, 35, 38, 40, 38, 43, 36.\n2. Identify the maximum number: 43.\n3. Identify the minimum number: 35.\n4. Calculate the range: 43 - 35 = 8.\nAnswer: 8"}]}, {"image": "25247.png", "conversations": [{"from": "user", "value": "To get a rough estimate of her melon farm's profits for the year, Irma decided to look at some data about melon prices in the past. How much more did a container of honeydews cost in 1995 than in 1996? (Unit: $)\nFirst generate a step-by-step solution, then answer the question using a single word or phrase."}, {"from": "assistant", "value": "Solution:\n1. Price of honeydews in 1995: $10.\n2. Price of honeydews in 1996: $7.\n3. Difference: $10 - $7 = $3.\nAnswer: 3"}]}, {"image": "21086.png", "conversations": [{"from": "user", "value": "Troy has $1.71. Does he have enough to buy a muffin and an ice cream cone?\nOptions:\n(A) yes\n(B) no\nFirst generate a step-by-step solution, then answer with the option\u2019s letter from the given choices directly."}, {"from": "assistant", "value": "Solution:\n1. The cost of a muffin is $0.65.\n2. The cost of an ice cream cone is $0.98.\n3. Total cost for both items is $0.65 + $0.98 = $1.63.\n4. Troy has $1.71, which is more than $1.63.\nAnswer: A"}]}, {"image": "15977.png", "conversations": [{"from": "user", "value": "This table shows information about two occupations. In which occupation would you use computer software and images to create the motion of a movie character?\nOptions:\n(A) video editor\n(B) multimedia animator\nFirst generate a step-by-step solution, then answer with the option\u2019s letter from the given choices directly."}, {"from": "assistant", "value": "Solution:\n1. The description for a multimedia animator states they \"create images that appear to move for television, movies, and video games.\"\n2. This involves using computer software and images to create motion.\nAnswer: B"}]}, {"image": "1364.png", "conversations": [{"from": "user", "value": "For a social studies project, Victor counted the number of classrooms in each school in the city. What is the largest number of classrooms? (Unit: classrooms)\nFirst generate a step-by-step solution, then answer the question using a single word or phrase."}, {"from": "assistant", "value": "Solution:\n1. Identify the largest leaf in each stem:\n   - Stem 2: Largest leaf is 9, so 29.\n   - Stem 3: Largest leaf is 9, so 39.\n   - Stem 4: Largest leaf is 4, so 44.\n   - Stem 5: No leaves, so no classrooms.\n   - Stem 6: Largest leaf is 8, so 68.\n2. The largest number of classrooms is 68.\nAnswer: 68"}]}, {"image": "26490.png", "conversations": [{"from": "user", "value": "Clara has $32. Does she have enough to buy a pair of tennis shoes and a pair of shoes?\nOptions:\n(A) yes\n(B) no\nFirst generate a step-by-step solution, then answer with the option\u2019s letter from the given choices directly."}, {"from": "assistant", "value": "Solution:\n1. The cost of a pair of tennis shoes is $20.\n2. The cost of a pair of shoes is $15.\n3. Total cost = $20 + $15 = $35.\n4. Clara has $32, which is less than $35.\nAnswer: B"}]}, {"image": "29948.png", "conversations": [{"from": "user", "value": "Each basket has 2 poppies. How many poppies are in 5 baskets? (Unit: poppies)\nFirst generate a step-by-step solution, then answer the question using a single word or phrase."}, {"from": "assistant", "value": "Solution:\n1. Each basket contains 2 poppies.\n2. For 5 baskets, calculate 5 \u00d7 2 = 10 poppies.\nAnswer: 10"}]}, {"image": "3374.png", "conversations": [{"from": "user", "value": "Look at this table. Is this relation a function?\nOptions:\n(A) yes\n(B) no\nFirst generate a step-by-step solution, then answer with the option\u2019s letter from the given choices directly."}, {"from": "assistant", "value": "Solution:\n1. In a function, each input \\( x \\) must map to exactly one output \\( y \\).\n2. The table shows:\n   - \\( x = 11 \\) maps to \\( y = 10 \\) and \\( y = 18 \\).\n   - \\( x = 2 \\) maps to \\( y = 6 \\) and \\( y = 7 \\).\n3. Since both \\( x = 11 \\) and \\( x = 2 \\) map to more than one \\( y \\)-value, this is not a function.\nAnswer: B"}]}, {"image": "16597.png", "conversations": [{"from": "user", "value": "Georgetown Property Management reviewed the number of vacant apartments at each its apartment complexes over time. In August, which complex had the most vacant apartments?\nOptions:\n(A) Shadyside Apartments\n(B) Alameda Apartments\n(C) Creekside Apartments\n(D) Lindale Apartments\nFirst generate a step-by-step solution, then answer with the option\u2019s letter from the given choices directly."}, {"from": "assistant", "value": "Solution:\n1. Review the number of vacant apartments in August for each complex:\n   - Creekside Apartments: 2\n   - City Apartments: 9\n   - Lindale Apartments: 16\n   - Shadyside Apartments: 7\n   - Alameda Apartments: 18\n2. The highest number is 18 at Alameda Apartments.\nAnswer: B"}]}, {"image": "2887.png", "conversations": [{"from": "user", "value": "Look at the following schedule. When does the figure skating show end?\nOptions:\n(A) 3:10 P.M.\n(B) 11:00 A.M.\n(C) 9:20 A.M.\n(D) 1:45 P.M.\nFirst generate a step-by-step solution, then answer with the option\u2019s letter from the given choices directly."}, {"from": "assistant", "value": "Solution:\n1. Locate the \"figure skating show\" in the schedule.\n2. The end time for the figure skating show is 3:10 P.M.\nAnswer: A"}]}, {"image": "5581.png", "conversations": [{"from": "user", "value": "Maria kept track of the number of characters in each book she read. How many books had exactly 18 characters? (Unit: books)\nFirst generate a step-by-step solution, then answer the question using a single word or phrase."}, {"from": "assistant", "value": "Solution:\n1. Identify the stem for 18, which is 1.\n2. Look at the leaves corresponding to stem 1: 0, 4, 5, 5, 6, 6, 9.\n3. There are no leaves with 8, so there are 0 books with exactly 18 characters.\nAnswer: 0"}]}, {"image": "29590.png", "conversations": [{"from": "user", "value": "A customer at a sushi restaurant was examining the types of sushi rolls offered on the menu. Rolls vary by type of fish and level of spiciness. Rolls only contain one type of fish. What is the probability that a randomly selected sushi roll is labeled not spicy and contains yellowtail? Simplify any fractions.\nFirst generate a step-by-step solution, then answer the question using a single word or phrase."}, {"from": "assistant", "value": "Solution:\n1. Total number of sushi rolls = 6 (Yellowtail, Not spicy) + 4 (Salmon, Not spicy) + 4 (Yellowtail, A little spicy) + 2 (Salmon, A little spicy) = 16.\n2. Number of not spicy yellowtail rolls = 6.\n3. Probability = Number of favorable outcomes / Total outcomes = 6 / 16.\n4. Simplify the fraction: 6/16 = 3/8.\nAnswer: 3/8"}]}, {"image": "7258.png", "conversations": [{"from": "user", "value": "Look at the following schedule. Which event begins at 3.10 P.M.?\nOptions:\n(A) water polo practice\n(B) choir concert\n(C) student government meeting\n(D) football game\nFirst generate a step-by-step solution, then answer with the option\u2019s letter from the given choices directly."}, {"from": "assistant", "value": "Solution:\n1. Identify the event that begins at 3:10 P.M.\n2. The schedule shows that the choir concert begins at 3:10 P.M.\nAnswer: B"}]}, {"image": "28084.png", "conversations": [{"from": "user", "value": "Every year Weston has a citywide relay and reports the winning times. According to the table, what was the rate of change between 2017 and 2018? (Unit: minutes per year)\nFirst generate a step-by-step solution, then answer the question using a single word or phrase."}, {"from": "assistant", "value": "Solution:\n1. The winning time in 2017 was 30 minutes.\n2. The winning time in 2018 was 28 minutes.\n3. The rate of change is calculated as the difference in times divided by the difference in years: (28 - 30) / (2018 - 2017) = -2 minutes per year.\nAnswer: -2"}]}, {"image": "13943.png", "conversations": [{"from": "user", "value": "Martha went on a vacation to an amusement park and counted how many rides she went on each day. What is the mode of the numbers?\nFirst generate a step-by-step solution, then answer the question using a single word or phrase."}, {"from": "assistant", "value": "Solution:\n1. List the numbers: 8, 8, 7, 7, 9, 8.\n2. Count the frequency of each number:\n   - 7 appears 2 times\n   - 8 appears 3 times\n   - 9 appears 1 time\n3. The number that appears most frequently is 8.\nAnswer: 8"}]}, {"image": "21476.png", "conversations": [{"from": "user", "value": "Lauren has $43. Does she have enough to buy a history book and a science book?\nOptions:\n(A) yes\n(B) no\nFirst generate a step-by-step solution, then answer with the option\u2019s letter from the given choices directly."}, {"from": "assistant", "value": "Solution:\n1. The price of the history book is $25.\n2. The price of the science book is $20.\n3. Total cost for both books: $25 + $20 = $45.\n4. Lauren has $43.\n5. Since $45 > $43, Lauren does not have enough money.\nAnswer: B"}]}, {"image": "33417.png", "conversations": [{"from": "user", "value": "Sandra counted the number of words per page in her new book. How many pages have exactly 90 words? (Unit: pages)\nFirst generate a step-by-step solution, then answer the question using a single word or phrase."}, {"from": "assistant", "value": "Solution:\n1. Look at the stem \"9\" and the leaf \"0 0\".\n2. Each \"0\" represents a page with 90 words.\n3. There are two \"0\"s.\nAnswer: 2"}]}, {"image": "3747.png", "conversations": [{"from": "user", "value": "Madelyn jotted down how many baskets she made during basketball practice each day. What is the range of the numbers?\nFirst generate a step-by-step solution, then answer the question using a single word or phrase."}, {"from": "assistant", "value": "Solution:\n1. List the number of baskets: 8, 5, 10, 4, 8, 2.\n2. Identify the maximum number: 10.\n3. Identify the minimum number: 2.\n4. Calculate the range: 10 - 2 = 8.\nAnswer: 8"}]}, {"image": "31072.png", "conversations": [{"from": "user", "value": "A furniture store kept a record of how many couches it sold each day. What is the mean of the numbers?\nFirst generate a step-by-step solution, then answer the question using a single word or phrase."}, {"from": "assistant", "value": "Solution:\n1. Add the numbers of couches sold: 9 + 7 + 7 + 5 + 2 + 6 = 36.\n2. Count the number of days: 6.\n3. Calculate the mean: 36 \u00f7 6 = 6.\nAnswer: 6"}]}, {"image": "26630.png", "conversations": [{"from": "user", "value": "Look at the following schedule. Which event ends at 1.35 P.M.?\nOptions:\n(A) bird show\n(B) reptile show\n(C) tiger lecture\n(D) koala feeding\nFirst generate a step-by-step solution, then answer with the option\u2019s letter from the given choices directly."}, {"from": "assistant", "value": "Solution:\n1. Look at the \"End\" times for each event.\n2. The tiger lecture ends at 1:35 P.M.\nAnswer: C"}]}, {"image": "19267.png", "conversations": [{"from": "user", "value": "Some friends played miniature golf and wrote down their scores. If you put their strokes together, how many strokes did Levi and Peter take? (Unit: strokes)\nFirst generate a step-by-step solution, then answer the question using a single word or phrase."}, {"from": "assistant", "value": "Solution:\n1. Levi's score is 162 strokes.\n2. Peter's score is 146 strokes.\n3. Total strokes taken by Levi and Peter is 162 + 146 = 308 strokes.\nAnswer: 308"}]}, {"image": "511.png", "conversations": [{"from": "user", "value": "Sixth graders at Greenville Middle School are taught in classes of various sizes. Whose class has the most students?\nOptions:\n(A) Mr. East\n(B) Mr. Center\n(C) Miss West\nFirst generate a step-by-step solution, then answer with the option\u2019s letter from the given choices directly."}, {"from": "assistant", "value": "Solution:\n1. Calculate the total number of students for each teacher:\n   - Miss West: 13 boys + 20 girls = 33 students\n   - Mr. East: 13 boys + 18 girls = 31 students\n   - Mr. Center: 14 boys + 14 girls = 28 students\n2. Compare the totals: 33, 31, and 28.\n3. Miss West's class has the most students with 33.\nAnswer: C"}]}, {"image": "14087.png", "conversations": [{"from": "user", "value": "How much money does Kyle need to buy 3 Cavalier King Charles Spaniels and a Yorkshire Terrier? (Unit: $)\nFirst generate a step-by-step solution, then answer the question using a single word or phrase."}, {"from": "assistant", "value": "Solution:\n1. The cost of one Cavalier King Charles Spaniel is $3,525.00.\n2. The cost of three Cavalier King Charles Spaniels is 3 \u00d7 $3,525.00 = $10,575.00.\n3. The cost of one Yorkshire Terrier is $1,141.00.\n4. Total cost is $10,575.00 + $1,141.00 = $11,716.00.\nAnswer: $11,716.00"}]}, {"image": "7930.png", "conversations": [{"from": "user", "value": "Tessa's class recorded how many cans of food each student collected for their canned food drive. Together, how many cans of food did Tessa and Debbie collect? (Unit: cans)\nFirst generate a step-by-step solution, then answer the question using a single word or phrase."}, {"from": "assistant", "value": "Solution:\n1. Tessa collected 4,438 cans.\n2. Debbie collected 3,104 cans.\n3. Together, they collected 4,438 + 3,104 = 7,542 cans.\nAnswer: 7,542"}]}, {"image": "18409.png", "conversations": [{"from": "user", "value": "An Idaho farmer has been monitoring crop prices over time. Per cwt, how much did peas cost in 2003? (Unit: $)\nFirst generate a step-by-step solution, then answer the question using a single word or phrase."}, {"from": "assistant", "value": "Solution:\n1. Locate the row for peas.\n2. Find the price for the year 2003.\n3. The price of peas in 2003 is $9.\nAnswer: 9"}]}, {"image": "25119.png", "conversations": [{"from": "user", "value": "Wendy wants to buy 3/10 of a pound of silver paper scrap. How much will she spend? (Unit: $)\nFirst generate a step-by-step solution, then answer the question using a single word or phrase."}, {"from": "assistant", "value": "Solution:\n1. The price of silver paper scrap is $11 per pound.\n2. Wendy wants to buy 3/10 of a pound.\n3. Calculate the cost: \\(11 \\times \\frac{3}{10} = 3.3\\).\nAnswer: 3.3"}]}, {"image": "15697.png", "conversations": [{"from": "user", "value": "How much money does Tim need to buy 6 dirt bikes? (Unit: $)\nFirst generate a step-by-step solution, then answer the question using a single word or phrase."}, {"from": "assistant", "value": "Solution:\n1. The cost of one dirt bike is $2,738.00.\n2. To find the total cost for 6 dirt bikes, multiply the cost of one by 6.\n3. Calculate: $2,738.00 \u00d7 6 = $16,428.00.\nAnswer: $16,428.00"}]}, {"image": "19578.png", "conversations": [{"from": "user", "value": "A county agency recorded the money donated to several charitable causes over time. How much more money was raised for animals in April than in May? (Unit: $)\nFirst generate a step-by-step solution, then answer the question using a single word or phrase."}, {"from": "assistant", "value": "Solution:\n1. Donations for animals in April: $18.\n2. Donations for animals in May: $8.\n3. Difference: $18 - $8 = $10.\nAnswer: 10"}]}, {"image": "24508.png", "conversations": [{"from": "user", "value": "Look at the table. Then answer the question. At a price of $35, is there a shortage or a surplus?\nOptions:\n(A) shortage\n(B) surplus\nFirst generate a step-by-step solution, then answer with the option\u2019s letter from the given choices directly."}, {"from": "assistant", "value": "Solution:\n1. At $35, the quantity demanded is 19,000.\n2. At $35, the quantity supplied is 2,400.\n3. Since the quantity demanded (19,000) is greater than the quantity supplied (2,400), there is a shortage.\nAnswer: A"}]}, {"image": "36815.png", "conversations": [{"from": "user", "value": "Fans of the Fairview baseball team compared the number of games won by their team each year. According to the table, what was the rate of change between 2010 and 2011? (Unit: games per year)\nFirst generate a step-by-step solution, then answer the question using a single word or phrase."}, {"from": "assistant", "value": "Solution:\n1. Games won in 2010: 3\n2. Games won in 2011: 45\n3. Rate of change = 45 - 3 = 42 games per year\nAnswer: 42"}]}, {"image": "21770.png", "conversations": [{"from": "user", "value": "Amanda wrote down how many spelling words she practiced each day. What is the median of the numbers?\nFirst generate a step-by-step solution, then answer the question using a single word or phrase."}, {"from": "assistant", "value": "Solution:\n1. List the numbers in ascending order: 43, 47, 48, 53, 55, 55, 63.\n2. The fourth number is the median, which is 53.\nAnswer: 53"}]}, {"image": "16518.png", "conversations": [{"from": "user", "value": "Avery counted the number of words per page in her new book. How many pages have at least 50 words but fewer than 70 words? (Unit: pages)\nFirst generate a step-by-step solution, then answer the question using a single word or phrase."}, {"from": "assistant", "value": "Solution:\n1. Identify the stems representing 50 to 69: stems 5 and 6.\n2. Count the leaves for stem 5: 0 leaves (none listed).\n3. Count the leaves for stem 6: 3 leaves (2, 3, 7).\n4. Total pages with 50 to 69 words: 3.\nAnswer: 3"}]}, {"image": "35328.png", "conversations": [{"from": "user", "value": "A researcher working for a cereal company surveyed people about their cereal consumption habits. How many people ate cereal at least 1 time?\nFirst generate a step-by-step solution, then answer the question using a single word or phrase."}, {"from": "assistant", "value": "Solution:\n1. Identify the frequencies for times eaten at least 1 time: 16 (1 time), 17 (2 times), 4 (3 times), 11 (4 times), 19 (5 times), 3 (6 times).\n2. Add the frequencies: 16 + 17 + 4 + 11 + 19 + 3 = 70.\nAnswer: 70"}]}, {"image": "18462.png", "conversations": [{"from": "user", "value": "Look at the following schedule. Gabrielle just missed the 1.45 A.M. train at Campbell. How long does she have to wait until the next train?\nOptions:\n(A) 2 hours and 15 minutes\n(B) 1 hour and 45 minutes\n(C) 2 hours\n(D) 1 hour and 15 minutes\nFirst generate a step-by-step solution, then answer with the option\u2019s letter from the given choices directly."}, {"from": "assistant", "value": "Solution:\n1. The times listed for Campbell are 5:15 A.M., 9:00 A.M., 10:15 P.M., 1:45 A.M., and 4:30 A.M.\n2. Gabrielle just missed the 1:45 A.M. train, the next train is at 4:30 A.M.\n3. The difference between 1:45 A.M. and 4:30 A.M. is 2 hours and 45 minutes.\nAnswer: None of the given options match the correct waiting time."}]}, {"image": "3700.png", "conversations": [{"from": "user", "value": "Miss Chen ran a sit-up competition among her P.E. students and monitored how many sit-ups each students could do. How many people did at least 20 sit-ups?\nFirst generate a step-by-step solution, then answer the question using a single word or phrase."}, {"from": "assistant", "value": "Solution:\n1. Identify the numbers 20 and above:\n   - 20s: 24, 24\n   - 30s: 30, 35, 35\n   - 40s: 42, 44\n   - 50s: 53, 54, 58, 59\n   - 60s: 60, 64\n2. Count the numbers: 2 (20s) + 3 (30s) + 2 (40s) + 4 (50s) + 2 (60s) = 13\nAnswer: 13"}]}, {"image": "28908.png", "conversations": [{"from": "user", "value": "A coffee shop monitored the number of cups of coffee sold each day. On which day did the shop sell the fewest cups?\nOptions:\n(A) Sunday\n(B) Monday\n(C) Tuesday\n(D) Wednesday\nFirst generate a step-by-step solution, then answer with the option\u2019s letter from the given choices directly."}, {"from": "assistant", "value": "Solution:\n1. The number of cups sold each day is as follows:\n   - Sunday: 111\n   - Monday: 182\n   - Tuesday: 186\n   - Wednesday: 168\n2. The fewest cups sold were on Sunday with 111 cups.\nAnswer: A"}]}, {"image": "38381.png", "conversations": [{"from": "user", "value": "How much money does Angie need to buy a map of the world and a map of Africa? (Unit: $)\nFirst generate a step-by-step solution, then answer the question using a single word or phrase."}, {"from": "assistant", "value": "Solution:\n1. The price of the map of the world is $9.00.\n2. The price of the map of Africa is $9.00.\n3. Add the two prices: $9.00 + $9.00 = $18.00.\nAnswer: $18.00"}]}, {"image": "3036.png", "conversations": [{"from": "user", "value": "Tony buys 3 kilograms of blue cheese dressing. What is the total cost? (Unit: $)\nFirst generate a step-by-step solution, then answer the question using a single word or phrase."}, {"from": "assistant", "value": "Solution:\n1. The cost of blue cheese dressing is $2.34 per kg.\n2. Tony buys 3 kg.\n3. Total cost = 3 kg \u00d7 $2.34/kg = $7.02.\nAnswer: $7.02"}]}, {"image": "899.png", "conversations": [{"from": "user", "value": "For a fundraiser, the children in the art club made greeting cards and kept track of how many they produced. How many children made exactly 5 greeting cards?\nFirst generate a step-by-step solution, then answer the question using a single word or phrase."}, {"from": "assistant", "value": "Solution:\n1. Look at the \"Greeting cards made\" column and find the row for 5 cards.\n2. The corresponding frequency is 18.\n3. Therefore, 18 children made exactly 5 greeting cards.\nAnswer: 18"}]}, {"image": "33336.png", "conversations": [{"from": "user", "value": "Each block has 2 traffic cones. How many traffic cones are on 4 blocks? (Unit: traffic cones)\nFirst generate a step-by-step solution, then answer the question using a single word or phrase."}, {"from": "assistant", "value": "Solution:\n1. Each block has 2 traffic cones.\n2. For 4 blocks, multiply 4 by 2.\n3. \\(4 \\times 2 = 8\\) traffic cones.\nAnswer: 8"}]}, {"image": "33297.png", "conversations": [{"from": "user", "value": "A car dealership tracked the number of cars sold each month. What is the mode of the numbers?\nFirst generate a step-by-step solution, then answer the question using a single word or phrase."}, {"from": "assistant", "value": "Solution:\n1. List the numbers: 53, 53, 53, 56, 56.\n2. Identify the number that appears most frequently: 53 appears three times.\n3. Therefore, the mode is 53.\nAnswer: 53"}]}, {"image": "19586.png", "conversations": [{"from": "user", "value": "Each cage has 2 parakeets. How many parakeets are in 4 cages? (Unit: parakeets)\nFirst generate a step-by-step solution, then answer the question using a single word or phrase."}, {"from": "assistant", "value": "Solution:\n1. Each cage has 2 parakeets.\n2. For 4 cages: 4 cages \u00d7 2 parakeets per cage = 8 parakeets.\nAnswer: 8"}]}, {"image": "23756.png", "conversations": [{"from": "user", "value": "A school district compared how many students attend each elementary school. How many students attend Canyon Elementary and Douglas Elementary combined? (Unit: students)\nFirst generate a step-by-step solution, then answer the question using a single word or phrase."}, {"from": "assistant", "value": "Solution:\n1. Canyon Elementary has 435 students.\n2. Douglas Elementary has 301 students.\n3. Combined, they have 435 + 301 = 736 students.\nAnswer: 736"}]}, {"image": "7859.png", "conversations": [{"from": "user", "value": "Look at Jack's pay stub. Jack lives in a state without state income tax. How much did Jack make after taxes? (Unit: $)\nFirst generate a step-by-step solution, then answer the question using a single word or phrase."}, {"from": "assistant", "value": "Solution:\n1. Total earnings: $2,136.00\n2. Federal income tax: $297.40\n3. Other taxes: $163.40\n4. Total taxes = Federal income tax + Other taxes = $297.40 + $163.40 = $460.80\n5. Pay after taxes = Total earnings - Total taxes = $2,136.00 - $460.80 = $1,675.20\nAnswer: $1,675.20"}]}, {"image": "16772.png", "conversations": [{"from": "user", "value": "A transportation analyst compared various bridges' tolls. How much higher is the toll for a car on the George Washington bridge than on the Tacoma Narrows bridge? (Unit: $)\nFirst generate a step-by-step solution, then answer the question using a single word or phrase."}, {"from": "assistant", "value": "Solution:\n1. The toll for a car on the George Washington bridge is $8.\n2. The toll for a car on the Tacoma Narrows bridge is $3.\n3. The difference is $8 - $3 = $5.\nAnswer: 5"}]}, {"image": "13024.png", "conversations": [{"from": "user", "value": "The table shows a function. Is the function linear or nonlinear?\nOptions:\n(A) linear\n(B) nonlinear\nFirst generate a step-by-step solution, then answer with the option\u2019s letter from the given choices directly."}, {"from": "assistant", "value": "Solution:\n1. Check the differences in \\( x \\): 15 - 14 = 1, 16 - 15 = 1.\n2. Check the differences in \\( y \\): 11 - 14 = -3, 8 - 11 = -3.\n3. The differences in \\( y \\) are consistent with the differences in \\( x \\), indicating a constant rate of change.\n4. A constant rate of change means the function is linear.\nAnswer: A"}]}, {"image": "16039.png", "conversations": [{"from": "user", "value": "Nolan went to the store. He bought 1.4 pounds of raspberry jam. How much did he spend? (Unit: $)\nFirst generate a step-by-step solution, then answer the question using a single word or phrase."}, {"from": "assistant", "value": "Solution:\n1. The price of raspberry jam is $5 per pound.\n2. Nolan bought 1.4 pounds.\n3. Total cost = 1.4 pounds \u00d7 $5/pound = $7.\nAnswer: $7"}]}, {"image": "4655.png", "conversations": [{"from": "user", "value": "In hopes of raising more funds for arts education, some parents in the Stafford School District publicized the current per-student arts education budget. According to the table, what was the rate of change between 2018 and 2019? (Unit: $, per year)\nFirst generate a step-by-step solution, then answer the question using a single word or phrase."}, {"from": "assistant", "value": "Solution:\n1. The per-student budget in 2018 was $45.\n2. The per-student budget in 2019 was $48.\n3. The rate of change is $48 - $45 = $3 per year.\nAnswer: $3"}]}, {"image": "12724.png", "conversations": [{"from": "user", "value": "Each shelf has 2 boxes. How many boxes are on 5 shelves?\nFirst generate a step-by-step solution, then answer the question using a single word or phrase."}, {"from": "assistant", "value": "Solution:\n1. Each shelf has 2 boxes.\n2. For 5 shelves, calculate 5 shelves \u00d7 2 boxes/shelf = 10 boxes.\nAnswer: 10"}]}, {"image": "21559.png", "conversations": [{"from": "user", "value": "A high school basketball coach counted the number of points her team scored each game. How many games had at least 19 points? (Unit: games)\nFirst generate a step-by-step solution, then answer the question using a single word or phrase."}, {"from": "assistant", "value": "Solution:\n1. Convert the stem and leaf plot into actual scores: 13, 20, 22, 23, 35, 36, 37, 47, 49, 50, 55, 62, 63, 64, 65, 67, 69.\n2. Identify scores that are at least 19: 20, 22, 23, 35, 36, 37, 47, 49, 50, 55, 62, 63, 64, 65, 67, 69.\n3. Count these scores: 16 games.\nAnswer: 16"}]}, {"image": "29282.png", "conversations": [{"from": "user", "value": "A girl compared the ages of her cousins. What is the median of the numbers?\nFirst generate a step-by-step solution, then answer the question using a single word or phrase."}, {"from": "assistant", "value": "Solution:\n1. List the ages in ascending order: 6, 9, 10, 12, 13, 15, 19.\n2. The fourth number in this list is the median, which is 12.\nAnswer: 12"}]}, {"image": "29330.png", "conversations": [{"from": "user", "value": "The parks department compared how many basketball hoops there are at each park. What is the mode of the numbers?\nFirst generate a step-by-step solution, then answer the question using a single word or phrase."}, {"from": "assistant", "value": "Solution:\n1. List the number of basketball hoops: 6, 6, 8, 5, 4, 4, 4, 5.\n2. Count the frequency of each number:\n   - 4 appears 3 times.\n   - 5 appears 2 times.\n   - 6 appears 2 times.\n   - 8 appears 1 time.\n3. The number 4 appears most frequently.\nAnswer: 4"}]}, {"image": "1865.png", "conversations": [{"from": "user", "value": "Luke bought 1+9/10 pounds of navel oranges. How much did he spend? (Unit: $)\nFirst generate a step-by-step solution, then answer the question using a single word or phrase."}, {"from": "assistant", "value": "Solution:\n1. Navel oranges cost $5 per pound.\n2. Luke bought 1 + 9/10 = 1.9 pounds of navel oranges.\n3. Total cost = 1.9 pounds \u00d7 $5 per pound = $9.50.\nAnswer: 9.50"}]}, {"image": "18312.png", "conversations": [{"from": "user", "value": "A farm equipment company kept a record of the number of tractors made each month. In which month did the company make the most tractors?\nOptions:\n(A) October\n(B) November\n(C) December\n(D) January\nFirst generate a step-by-step solution, then answer with the option\u2019s letter from the given choices directly."}, {"from": "assistant", "value": "Solution:\n1. October: 298 tractors\n2. November: 259 tractors\n3. December: 221 tractors\n4. January: 295 tractors\n5. The highest number is 298 in October.\nAnswer: A"}]}, {"image": "33012.png", "conversations": [{"from": "user", "value": "Aaron has $114.45. How much money will Aaron have left if he buys a boat show ticket and a baseball ticket? (Unit: $)\nFirst generate a step-by-step solution, then answer the question using a single word or phrase."}, {"from": "assistant", "value": "Solution:\n1. The cost of a boat show ticket is $28.64.\n2. The cost of a baseball ticket is $21.45.\n3. Total cost for both tickets: $28.64 + $21.45 = $50.09.\n4. Aaron has $114.45.\n5. Money left after purchase: $114.45 - $50.09 = $64.36.\nAnswer: $64.36"}]}, {"image": "21132.png", "conversations": [{"from": "user", "value": "Each year, the campers at Sarah's summer camp try to set that summer's record for finishing the obstacle course as quickly as possible. According to the table, what was the rate of change between 2013 and 2014? (Unit: minutes per year)\nFirst generate a step-by-step solution, then answer the question using a single word or phrase."}, {"from": "assistant", "value": "Solution:\n1. Record time in 2013: 22 minutes.\n2. Record time in 2014: 25 minutes.\n3. Rate of change = 25 - 22 = 3 minutes per year.\nAnswer: 3"}]}, {"image": "24378.png", "conversations": [{"from": "user", "value": "Ed kept a log of how many pages he read each month. In which month did Ed read the fewest pages?\nOptions:\n(A) January\n(B) February\n(C) March\n(D) April\nFirst generate a step-by-step solution, then answer with the option\u2019s letter from the given choices directly."}, {"from": "assistant", "value": "Solution:\n1. Compare the number of pages for each month:\n   - January: 812\n   - February: 888\n   - March: 891\n   - April: 898\n2. The fewest pages were read in January, with 812 pages.\nAnswer: A"}]}, {"image": "26575.png", "conversations": [{"from": "user", "value": "How much money does Jerry need to buy 4 chocolate cakes? (Unit: $)\nFirst generate a step-by-step solution, then answer the question using a single word or phrase."}, {"from": "assistant", "value": "Solution:\n1. The price of one chocolate cake is $21.\n2. Jerry wants to buy 4 chocolate cakes.\n3. Calculate the total cost: 4 cakes \u00d7 $21 per cake = $84.\nAnswer: 84"}]}, {"image": "3245.png", "conversations": [{"from": "user", "value": "How much money does Jason need to buy a hot dog stand, an ice cream truck, and a shaved ice cart? (Unit: $)\nFirst generate a step-by-step solution, then answer the question using a single word or phrase."}, {"from": "assistant", "value": "Solution:\n1. Cost of hot dog stand: $8,144\n2. Cost of ice cream truck: $6,582\n3. Cost of shaved ice cart: $8,654\n4. Total cost: $8,144 + $6,582 + $8,654 = $23,380\nAnswer: 23,380"}]}, {"image": "32050.png", "conversations": [{"from": "user", "value": "Each platter has 5 carrots. How many carrots are on 6 platters? (Unit: carrots)\nFirst generate a step-by-step solution, then answer the question using a single word or phrase."}, {"from": "assistant", "value": "Solution:\n1. Each platter has 5 carrots.\n2. For 6 platters, multiply 6 by 5.\n3. \\(6 \\times 5 = 30\\) carrots.\nAnswer: 30"}]}, {"image": "9192.png", "conversations": [{"from": "user", "value": "Neil has $38.00. Does he have enough to buy a pair of sweat pants and a pair of khaki pants?\nOptions:\n(A) yes\n(B) no\nFirst generate a step-by-step solution, then answer with the option\u2019s letter from the given choices directly."}, {"from": "assistant", "value": "Solution:\n1. The cost of a pair of sweat pants is $16.99.\n2. The cost of a pair of khaki pants is $20.03.\n3. Total cost for both is $16.99 + $20.03 = $37.02.\n4. Neil has $38.00, which is more than $37.02.\nAnswer: A"}]}, {"image": "9583.png", "conversations": [{"from": "user", "value": "An author kept a log of how many pages he wrote in the past 4 days. On which day did the author write the most?\nOptions:\n(A) Saturday\n(B) Sunday\n(C) Monday\n(D) Tuesday\nFirst generate a step-by-step solution, then answer with the option\u2019s letter from the given choices directly."}, {"from": "assistant", "value": "Solution:\n1. Compare the number of pages written each day:\n   - Saturday: 76 pages\n   - Sunday: 72 pages\n   - Monday: 71 pages\n   - Tuesday: 75 pages\n2. The most pages written were on Saturday with 76 pages.\nAnswer: A"}]}, {"image": "28112.png", "conversations": [{"from": "user", "value": "Fans of the Manchester baseball team compared the number of games won by their team each year. According to the table, what was the rate of change between 2014 and 2015? (Unit: games per year)\nFirst generate a step-by-step solution, then answer the question using a single word or phrase."}, {"from": "assistant", "value": "Solution:\n1. Games won in 2014: 33\n2. Games won in 2015: 34\n3. Rate of change = 34 - 33 = 1 game per year\nAnswer: 1"}]}, {"image": "10855.png", "conversations": [{"from": "user", "value": "Mariana keeps all her spare keys in a box under her bed. Recently, Mariana decided the box was becoming unmanageable, as none of the keys were labeled. She set about labeling them with colored stickers that indicated what each key opened. What is the probability that a randomly selected key is labeled with a blue sticker and opens the back door of the house? Simplify any fractions.\nFirst generate a step-by-step solution, then answer the question using a single word or phrase."}, {"from": "assistant", "value": "Solution:\n1. Total number of keys = Blue front (5) + Blue back (3) + Green front (7) + Green back (5) = 20 keys.\n2. Number of keys with a blue sticker that open the back door = 3.\n3. Probability = Number of blue back door keys / Total number of keys = 3/20.\n\nAnswer: 3/20"}]}, {"image": "1322.png", "conversations": [{"from": "user", "value": "Kendra has $195.99. How much money will Kendra have left if she buys a ballet ticket and an opera ticket? (Unit: $)\nFirst generate a step-by-step solution, then answer the question using a single word or phrase."}, {"from": "assistant", "value": "Solution:\n1. Ballet ticket costs $40.08.\n2. Opera ticket costs $85.89.\n3. Total cost for both tickets is $40.08 + $85.89 = $125.97.\n4. Kendra has $195.99 initially.\n5. Money left after purchase is $195.99 - $125.97 = $70.02.\nAnswer: 70.02"}]}, {"image": "21541.png", "conversations": [{"from": "user", "value": "The employee at the department store counted the number of ties on each tie rack. How many racks have at least 24 ties but fewer than 36 ties? (Unit: racks)\nFirst generate a step-by-step solution, then answer the question using a single word or phrase."}, {"from": "assistant", "value": "Solution:\n1. Convert the stem-and-leaf values to numbers:\n   - 17, 18, 18\n   - 23, 23, 26, 29\n   - 33, 34, 34, 39\n   - 43, 43, 46, 48, 49\n2. Identify numbers between 24 and 35:\n   - 26, 29, 33, 34, 34\n3. Count these numbers: 5 racks.\nAnswer: 5"}]}, {"image": "545.png", "conversations": [{"from": "user", "value": "A grocery store tracked how many bananas it sold each day. On which day did the grocery store sell the fewest bananas?\nOptions:\n(A) Friday\n(B) Saturday\n(C) Sunday\n(D) Monday\nFirst generate a step-by-step solution, then answer with the option\u2019s letter from the given choices directly."}, {"from": "assistant", "value": "Solution:\n1. Compare the numbers of bananas sold each day:\n   - Friday: 73\n   - Saturday: 71\n   - Sunday: 74\n   - Monday: 78\n2. The fewest bananas were sold on Saturday, with 71 bananas.\nAnswer: B"}]}, {"image": "6843.png", "conversations": [{"from": "user", "value": "Look at the following schedule. Which event ends at 6.45 P.M.?\nOptions:\n(A) zebra feeding\n(B) koala feeding\n(C) bird show\n(D) bear lecture\nFirst generate a step-by-step solution, then answer with the option\u2019s letter from the given choices directly."}, {"from": "assistant", "value": "Solution:\n1. Review the schedule for the end times.\n2. Identify the event that ends at 6:45 P.M.\n3. The \"zebra feeding\" ends at 6:45 P.M.\nAnswer: A"}]}, {"image": "16575.png", "conversations": [{"from": "user", "value": "The Oakland Soup Company recorded the number of rotten tomatoes in each barrel it received. What is the smallest number of rotten tomatoes? (Unit: rotten tomatoes)\nFirst generate a step-by-step solution, then answer the question using a single word or phrase."}, {"from": "assistant", "value": "Solution:\n1. Look at the stem-and-leaf plot to find the smallest number.\n2. The smallest number is in the \"Stem 1, Leaf 7,\" which is 17.\nAnswer: 17"}]}, {"image": "9737.png", "conversations": [{"from": "user", "value": "During Fitness Day at school, Reba and her classmates took part in a pull-up competition, keeping track of the results. How many people did fewer than 50 pull-ups? (Unit: people)\nFirst generate a step-by-step solution, then answer the question using a single word or phrase."}, {"from": "assistant", "value": "Solution:\n1. The stem-and-leaf plot represents the following numbers: 13, 15, 25, 36, 43, 44, 53, 59, 67, 73, 78, 83, 87, 88.\n2. Count the numbers less than 50: 13, 15, 25, 36, 43, 44.\n3. There are 6 numbers less than 50.\nAnswer: 6"}]}, {"image": "28584.png", "conversations": [{"from": "user", "value": "For an assignment, Max looked at which countries got the most Nobel Prizes in various decades. How many Nobel Prize winners did Germany have in the 1980s? (Unit: Nobel Prize winners)\nFirst generate a step-by-step solution, then answer the question using a single word or phrase."}, {"from": "assistant", "value": "Solution:\n1. Look at the row for Germany.\n2. In the column for the 1980s, Germany had 11 Nobel Prize winners.\nAnswer: 11"}]}, {"image": "10619.png", "conversations": [{"from": "user", "value": "Ashley and her brother are at a store shopping for a beanbag chair for their school's library. The store sells beanbag chairs with different fabrics and types of filling. What is the probability that a randomly selected beanbag chair is filled with foam and is made from suede? Simplify any fractions.\nFirst generate a step-by-step solution, then answer the question using a single word or phrase."}, {"from": "assistant", "value": "Solution:\n1. Total number of beanbag chairs: 2 (Velvet, Foam) + 5 (Suede, Foam) + 4 (Velvet, Beads) + 2 (Suede, Beads) = 13.\n2. Number of chairs filled with foam and made from suede: 5.\n3. Probability = Number of favorable outcomes / Total outcomes = 5/13.\nAnswer: 5/13"}]}, {"image": "296.png", "conversations": [{"from": "user", "value": "How much money does Edmond need to buy a cockatoo and a pot-bellied pig? (Unit: $)\nFirst generate a step-by-step solution, then answer the question using a single word or phrase."}, {"from": "assistant", "value": "Solution:\n1. The price of a cockatoo is $55.\n2. The price of a pot-bellied pig is $18.\n3. Total cost = $55 + $18 = $73.\nAnswer: 73"}]}, {"image": "9869.png", "conversations": [{"from": "user", "value": "A newspaper researched how many grocery stores there are in each town. What is the median of the numbers?\nFirst generate a step-by-step solution, then answer the question using a single word or phrase."}, {"from": "assistant", "value": "Solution:\n1. List the numbers in ascending order: 2, 3, 6, 7, 9.\n2. The third number is the median, which is 6.\nAnswer: 6"}]}, {"image": "31835.png", "conversations": [{"from": "user", "value": "At a charity basketball shootout, excited fans counted the baskets and misses made by each of the team mascots. How many more misses did Tina Tiger have than Wendy Wolverine? (Unit: misses)\nFirst generate a step-by-step solution, then answer the question using a single word or phrase."}, {"from": "assistant", "value": "Solution:\n1. Tina Tiger had 19 misses.\n2. Wendy Wolverine had 1 miss.\n3. The difference is 19 - 1 = 18.\nAnswer: 18"}]}, {"image": "21952.png", "conversations": [{"from": "user", "value": "A dietitian noted the number of apples eaten by his clients last week. How many clients ate at least 4 apples last week?\nFirst generate a step-by-step solution, then answer the question using a single word or phrase."}, {"from": "assistant", "value": "Solution:\n1. The frequency for eating 4 apples is 0.\n2. The frequency for eating 5 apples is 11.\n3. Therefore, the total number of clients who ate at least 4 apples is 0 + 11 = 11.\nAnswer: 11"}]}, {"image": "9049.png", "conversations": [{"from": "user", "value": "For Earth Day, Fairview High's environmental club tracked the number of seeds planted by its members. How many members planted at least 1 seed?\nFirst generate a step-by-step solution, then answer the question using a single word or phrase."}, {"from": "assistant", "value": "Solution:\n1. Identify the frequencies for members who planted at least 1 seed: 1 seed (11 members), 2 seeds (13 members), 3 seeds (4 members).\n2. Add these frequencies: 11 + 13 + 4 = 28 members.\nAnswer: 28"}]}, {"image": "3520.png", "conversations": [{"from": "user", "value": "Each office has 10 stools. How many stools are in 6 offices? (Unit: stools)\nFirst generate a step-by-step solution, then answer the question using a single word or phrase."}, {"from": "assistant", "value": "Solution:\n1. Each office has 10 stools.\n2. For 6 offices, calculate the total number of stools: 6 \u00d7 10 = 60.\nAnswer: 60"}]}, {"image": "27123.png", "conversations": [{"from": "user", "value": "Hansen went to the store and bought 3 kilograms of balsamic vinaigrette and 4 kilograms of Thousand Island dressing. How much did he spend? (Unit: $)\nFirst generate a step-by-step solution, then answer the question using a single word or phrase."}, {"from": "assistant", "value": "Solution:\n1. Balsamic vinaigrette costs $2.94/kg.\n2. Thousand Island dressing costs $1.86/kg.\n3. Cost for 3 kg of balsamic vinaigrette: 3 kg \u00d7 $2.94/kg = $8.82.\n4. Cost for 4 kg of Thousand Island dressing: 4 kg \u00d7 $1.86/kg = $7.44.\n5. Total cost: $8.82 + $7.44 = $16.26.\nAnswer: $16.26"}]}, {"image": "6099.png", "conversations": [{"from": "user", "value": "An employee at the crayon factory kept track of the number of crayons produced each day. How many crayons total did the factory produce on Sunday and Wednesday? (Unit: crayons)\nFirst generate a step-by-step solution, then answer the question using a single word or phrase."}, {"from": "assistant", "value": "Solution:\n1. Sunday produced 7,602 crayons.\n2. Wednesday produced 4,489 crayons.\n3. Therefore, in total there were 7,602 + 4,489 = 12,091 crayons.\nAnswer: 12,091"}]}, {"image": "270.png", "conversations": [{"from": "user", "value": "Look at the table. Then answer the question. At a price of $340, is there a shortage or a surplus?\nOptions:\n(A) shortage\n(B) surplus\nFirst generate a step-by-step solution, then answer with the option\u2019s letter from the given choices directly."}, {"from": "assistant", "value": "Solution:\n1. At $340, the quantity demanded is 10,500.\n2. At $340, the quantity supplied is 11,000.\n3. Since the quantity supplied (11,000) is greater than the quantity demanded (10,500), there is a surplus.\nAnswer: B"}]}, {"image": "30354.png", "conversations": [{"from": "user", "value": "The coach of the Academic Bowl recorded the scores in a trivia game to determine who would represent the school at the regional competition. How many people scored less than 9?\nFirst generate a step-by-step solution, then answer the question using a single word or phrase."}, {"from": "assistant", "value": "Solution:\n1. Scores less than 9 are 5, 6, 7, and 8.\n2. Add the frequencies for these scores:\n   - Score 5: 2 people\n   - Score 6: 12 people\n   - Score 7: 8 people\n   - Score 8: 17 people\n3. Total people scoring less than 9 = 2 + 12 + 8 + 17 = 39.\nAnswer: 39"}]}, {"image": "11942.png", "conversations": [{"from": "user", "value": "Jerry graphed the amount of snow that fell in the last 5 days. What is the range of the numbers?\nFirst generate a step-by-step solution, then answer the question using a single word or phrase."}, {"from": "assistant", "value": "Solution:\n1. List the snowfall amounts: 9, 9, 5, 9, 7.\n2. Identify the maximum value: 9 inches.\n3. Identify the minimum value: 5 inches.\n4. Calculate the range: 9 - 5 = 4 inches.\nAnswer: 4"}]}, {"image": "21384.png", "conversations": [{"from": "user", "value": "An employee at the crayon factory kept track of the number of crayons produced each day. How many more crayons did the factory produce on Friday than on Monday? (Unit: crayons)\nFirst generate a step-by-step solution, then answer the question using a single word or phrase."}, {"from": "assistant", "value": "Solution:\n1. Crayons produced on Friday: 8,363\n2. Crayons produced on Monday: 1,006\n3. Difference: 8,363 - 1,006 = 7,357\nAnswer: 7,357"}]}, {"image": "19492.png", "conversations": [{"from": "user", "value": "A city's school board compared how many students attend each high school. How many students attend Park High and Riverside High combined? (Unit: students)\nFirst generate a step-by-step solution, then answer the question using a single word or phrase."}, {"from": "assistant", "value": "Solution:\n1. Park High has 1,576 students.\n2. Riverside High has 1,203 students.\n3. Combine the numbers: 1,576 + 1,203 = 2,779 students.\nAnswer: 2,779"}]}, {"image": "16574.png", "conversations": [{"from": "user", "value": "The table shows a function. Is the function linear or nonlinear?\nOptions:\n(A) linear\n(B) nonlinear\nFirst generate a step-by-step solution, then answer with the option\u2019s letter from the given choices directly."}, {"from": "assistant", "value": "Solution:\n1. Check the differences in the \\(x\\) values: 19 - 18 = 1, 20 - 19 = 1.\n2. Check the differences in the \\(y\\) values: 6 - 5 = 1, 7 - 6 = 1.\n3. Both \\(x\\) and \\(y\\) have constant differences, indicating a linear relationship.\nAnswer: A"}]}, {"image": "23999.png", "conversations": [{"from": "user", "value": "A grocery store tracked how many bananas it sold each day. On which day did the grocery store sell the most bananas?\nOptions:\n(A) Thursday\n(B) Friday\n(C) Saturday\n(D) Sunday\nFirst generate a step-by-step solution, then answer with the option\u2019s letter from the given choices directly."}, {"from": "assistant", "value": "Solution:\n1. Compare the number of bananas sold each day:\n   - Thursday: 81\n   - Friday: 89\n   - Saturday: 85\n   - Sunday: 82\n2. The highest number is 89 on Friday.\nAnswer: B"}]}, {"image": "33171.png", "conversations": [{"from": "user", "value": "Look at the following schedule. Jenna is at Skyscraper City. If she wants to arrive at Gecko Paradise at 1.15 P.M., what time should she get on the train?\nOptions:\n(A) 1:15 P.M.\n(B) 10:30 P.M.\n(C) 11:15 P.M.\n(D) 12:30 P.M.\nFirst generate a step-by-step solution, then answer with the option\u2019s letter from the given choices directly."}, {"from": "assistant", "value": "Solution:\n1. To arrive at Gecko Paradise by 1:15 P.M., Jenna should take the train that departs from Skyscraper City at 12:30 P.M.\n2. The schedule shows the 12:30 P.M. train from Skyscraper City.\nAnswer: D"}]}, {"image": "32365.png", "conversations": [{"from": "user", "value": "Seth jotted down how many minutes he spent practicing tennis in the past 4 days. How many minutes did Seth practice in total on Monday and Thursday? (Unit: minutes)\nFirst generate a step-by-step solution, then answer the question using a single word or phrase."}, {"from": "assistant", "value": "Solution:\n1. Monday's practice time: 121 minutes.\n2. Thursday's practice time: 115 minutes.\n3. Total practice time on Monday and Thursday: 121 + 115 = 236 minutes.\nAnswer: 236"}]}, {"image": "12760.png", "conversations": [{"from": "user", "value": "Convinced that she could do well as a competitor, Ayana tracked the scores on a TV game show over the course of a week. How many people scored at least 9?\nFirst generate a step-by-step solution, then answer the question using a single word or phrase."}, {"from": "assistant", "value": "Solution:\n1. Identify the scores of at least 9: these are 9 and 10.\n2. Frequency for score 9 is 8.\n3. Frequency for score 10 is 10.\n4. Total frequency for scores at least 9 is 8 + 10 = 18.\nAnswer: 18"}]}, {"image": "5536.png", "conversations": [{"from": "user", "value": "Shane's Candies has been studying how much chocolate people have been eating in different countries. In 2005, how much more chocolate did Germany consume per capita than Australia? (Unit: kg)\nFirst generate a step-by-step solution, then answer the question using a single word or phrase."}, {"from": "assistant", "value": "Solution:\n1. Germany's consumption in 2005 was 11 kg.\n2. Australia's consumption in 2005 was 5 kg.\n3. The difference is 11 kg - 5 kg = 6 kg.\nAnswer: 6 kg"}]}, {"image": "21992.png", "conversations": [{"from": "user", "value": "The local high school found out how many members each club had. Which club has the fewest members?\nOptions:\n(A) film club\n(B) geology club\n(C) Japanese club\n(D) history club\nFirst generate a step-by-step solution, then answer with the option\u2019s letter from the given choices directly."}, {"from": "assistant", "value": "Solution:\n1. Film club has 179 members.\n2. Geology club has 191 members.\n3. Japanese club has 117 members.\n4. History club has 197 members.\n5. The Japanese club has the fewest members with 117.\nAnswer: C"}]}, {"image": "30859.png", "conversations": [{"from": "user", "value": "Look at the following schedule. At which stop does the train arrive at 10.35 A.M.?\nOptions:\n(A) downtown\n(B) city park\n(C) civic center\n(D) restaurant district\nFirst generate a step-by-step solution, then answer with the option\u2019s letter from the given choices directly."}, {"from": "assistant", "value": "Solution:\n1. Locate the time 10:35 A.M. in the schedule.\n2. The corresponding stop for 10:35 A.M. is the civic center.\nAnswer: C"}]}, {"image": "31372.png", "conversations": [{"from": "user", "value": "Sean, a doctor's office receptionist, tracked the average waiting time at the office each month. According to the table, what was the rate of change between June and July? (Unit: minutes per month)\nFirst generate a step-by-step solution, then answer the question using a single word or phrase."}, {"from": "assistant", "value": "Solution:\n1. Waiting time in June: 28 minutes.\n2. Waiting time in July: 27 minutes.\n3. Rate of change = July waiting time - June waiting time = 27 - 28 = -1 minute.\nAnswer: -1"}]}, {"image": "30373.png", "conversations": [{"from": "user", "value": "A girl compared the ages of her cousins. What is the mean of the numbers?\nFirst generate a step-by-step solution, then answer the question using a single word or phrase."}, {"from": "assistant", "value": "Solution:\n1. List the ages: 8, 10, 3, 4, 15.\n2. Calculate the sum: 8 + 10 + 3 + 4 + 15 = 40.\n3. Divide by the number of cousins: 40 / 5 = 8.\nAnswer: 8"}]}, {"image": "36245.png", "conversations": [{"from": "user", "value": "How much more does a baseball ticket cost than a basketball ticket? (Unit: $)\nFirst generate a step-by-step solution, then answer the question using a single word or phrase."}, {"from": "assistant", "value": "Solution:\n1. The cost of a baseball ticket is $80.00.\n2. The cost of a basketball ticket is $13.00.\n3. The difference is $80.00 - $13.00 = $67.00.\nAnswer: 67.00"}]}, {"image": "10970.png", "conversations": [{"from": "user", "value": "John counted the boxes of cereal in a grocery store with different sizes and numbers of prizes. What is the probability that a randomly selected box of cereal contains two prizes and is mini size? Simplify any fractions.\nFirst generate a step-by-step solution, then answer the question using a single word or phrase."}, {"from": "assistant", "value": "Solution:\n1. Total boxes of cereal:\n   - Mini size with one prize: 4\n   - Mini size with two prizes: 5\n   - Regular size with one prize: 1\n   - Regular size with two prizes: 3\n   - Total = 4 + 5 + 1 + 3 = 13\n\n2. Boxes that are mini size with two prizes: 5\n\n3. Probability = (Number of favorable outcomes) / (Total number of outcomes) = 5/13\n\nAnswer: 5/13"}]}, {"image": "29777.png", "conversations": [{"from": "user", "value": "The county released data about how many schools there are in each town. What is the range of the numbers?\nFirst generate a step-by-step solution, then answer the question using a single word or phrase."}, {"from": "assistant", "value": "Solution:\n1. List the numbers of schools: 4, 8, 9, 7, 3, 1, 9, 8.\n2. Identify the minimum number: 1.\n3. Identify the maximum number: 9.\n4. Calculate the range: 9 - 1 = 8.\nAnswer: 8"}]}, {"image": "18336.png", "conversations": [{"from": "user", "value": "A donut shop recorded how many donuts it sold in the past 4 days. How many donuts in total did the shop sell on Sunday and Wednesday? (Unit: donuts)\nFirst generate a step-by-step solution, then answer the question using a single word or phrase."}, {"from": "assistant", "value": "Solution:\n1. Sunday had 8,706 donuts sold.\n2. Wednesday had 1,146 donuts sold.\n3. Therefore, in total there were 8,706 + 1,146 = 9,852 donuts sold.\nAnswer: 9,852"}]}, {"image": "36718.png", "conversations": [{"from": "user", "value": "Ryan recalled how many minutes he had spent at band rehearsal in the past 5 days. How many more minutes did Ryan rehearse on Friday than on Saturday? (Unit: minutes)\nFirst generate a step-by-step solution, then answer the question using a single word or phrase."}, {"from": "assistant", "value": "Solution:\n1. Minutes rehearsed on Friday: 166.\n2. Minutes rehearsed on Saturday: 141.\n3. Difference: 166 - 141 = 25 minutes.\nAnswer: 25"}]}, {"image": "16201.png", "conversations": [{"from": "user", "value": "The city recorded how many fire hydrants there are on each street. What is the range of the numbers?\nFirst generate a step-by-step solution, then answer the question using a single word or phrase."}, {"from": "assistant", "value": "Solution:\n1. List the numbers of hydrants: 7, 3, 3, 10, 4, 2.\n2. Identify the maximum: 10.\n3. Identify the minimum: 2.\n4. Calculate the range: 10 - 2 = 8.\nAnswer: 8"}]}, {"image": "31692.png", "conversations": [{"from": "user", "value": "Each farm has 10 goats. How many goats are on 3 farms?\nFirst generate a step-by-step solution, then answer the question using a single word or phrase."}, {"from": "assistant", "value": "Solution:\n1. Each farm has 10 goats.\n2. For 3 farms, multiply the number of goats per farm by 3: 10 goats/farm \u00d7 3 farms = 30 goats.\nAnswer: 30"}]}, {"image": "1810.png", "conversations": [{"from": "user", "value": "How much money does Zack need to buy a piece of fool's gold, a smooth piece of marble, and a piece of rose quartz? (Unit: $)\nFirst generate a step-by-step solution, then answer the question using a single word or phrase."}, {"from": "assistant", "value": "Solution:\n1. Price of a piece of fool's gold: $0.01\n2. Price of a smooth piece of marble: $0.03\n3. Price of a piece of rose quartz: $0.06\n4. Total cost: $0.01 + $0.03 + $0.06 = $0.10\n\nAnswer: $0.10"}]}, {"image": "26542.png", "conversations": [{"from": "user", "value": "Look at the following schedule. Which game begins at 12.10 P.M.?\nOptions:\n(A) Cardinals versus Cobras game\n(B) Lions versus Blue Jays game\n(C) Waves versus Alligators game\n(D) Sharks versus Storm game\nFirst generate a step-by-step solution, then answer with the option\u2019s letter from the given choices directly."}, {"from": "assistant", "value": "Solution:\n1. Check the schedule for the game beginning at 12:10 P.M.\n2. The game listed is Cardinals versus Cobras.\nAnswer: A"}]}, {"image": "19953.png", "conversations": [{"from": "user", "value": "Sasha and her brother are at a store shopping for a beanbag chair for their school's library. The store sells beanbag chairs with different fabrics and types of filling. What is the probability that a randomly selected beanbag chair is made from suede and is filled with foam? Simplify any fractions.\nFirst generate a step-by-step solution, then answer the question using a single word or phrase."}, {"from": "assistant", "value": "Solution:\n1. Total number of beanbag chairs = 4 (Velvet/Foam) + 3 (Velvet/Beads) + 1 (Suede/Foam) + 3 (Suede/Beads) = 11.\n2. Number of suede and foam beanbag chairs = 1.\n3. Probability = Number of favorable outcomes / Total number of outcomes = 1/11.\nAnswer: 1/11"}]}, {"image": "31931.png", "conversations": [{"from": "user", "value": "A researcher working for a cereal company surveyed people about their cereal consumption habits. How many people ate cereal exactly once last week?\nFirst generate a step-by-step solution, then answer the question using a single word or phrase."}, {"from": "assistant", "value": "Solution:\n1. Look at the frequency for \"Times eaten\" equal to 1.\n2. The frequency is 5.\nAnswer: 5"}]}, {"image": "13190.png", "conversations": [{"from": "user", "value": "The school district compared how many swings each elementary school has. What is the median of the numbers?\nFirst generate a step-by-step solution, then answer the question using a single word or phrase."}, {"from": "assistant", "value": "Solution:\n1. List the numbers in ascending order: 1, 2, 2, 3, 4, 5, 9.\n2. The fourth number is the median, which is 3.\nAnswer: 3"}]}, {"image": "37968.png", "conversations": [{"from": "user", "value": "A chef kept track of the number of bananas people ate last week in her cafeteria. How many people are there in all?\nFirst generate a step-by-step solution, then answer the question using a single word or phrase."}, {"from": "assistant", "value": "Solution:\n1. Add up the frequencies: 2 (for 0 bananas) + 17 (for 1 banana) + 0 (for 2 bananas) + 11 (for 3 bananas) + 6 (for 4 bananas) + 15 (for 5 bananas) + 14 (for 6 bananas).\n2. Total = 2 + 17 + 0 + 11 + 6 + 15 + 14 = 65.\nAnswer: 65"}]}, {"image": "32432.png", "conversations": [{"from": "user", "value": "A hardware store monitored how many hammers it sold in the past 6 days. What is the range of the numbers?\nFirst generate a step-by-step solution, then answer the question using a single word or phrase."}, {"from": "assistant", "value": "Solution:\n1. List the numbers of hammers sold: 4, 2, 10, 9, 6, 7.\n2. Identify the maximum number: 10.\n3. Identify the minimum number: 2.\n4. Calculate the range: 10 - 2 = 8.\nAnswer: 8"}]}, {"image": "19686.png", "conversations": [{"from": "user", "value": "While doing a project for P. E. class, Amy researched the number of athletes competing in an international sporting event. What is the smallest number of athletes? (Unit: athletes)\nFirst generate a step-by-step solution, then answer the question using a single word or phrase."}, {"from": "assistant", "value": "Solution:\n1. The stem-and-leaf plot shows the smallest leaf under stem 0.\n2. The smallest leaf is 6.\n3. Therefore, the smallest number of athletes is 6.\nAnswer: 6"}]}, {"image": "5457.png", "conversations": [{"from": "user", "value": "Mateo has $0.10. Does he have enough to buy a red kazoo and a colorful pinwheel?\nOptions:\n(A) yes\n(B) no\nFirst generate a step-by-step solution, then answer with the option\u2019s letter from the given choices directly."}, {"from": "assistant", "value": "Solution:\n1. The cost of a red kazoo is $0.01.\n2. The cost of a colorful pinwheel is $0.08.\n3. Total cost for both items is $0.01 + $0.08 = $0.09.\n4. Mateo has $0.10, which is more than $0.09.\nAnswer: A"}]}, {"image": "2460.png", "conversations": [{"from": "user", "value": "A city recorded how many people rode the subway each day. How many more people rode the subway on Friday than on Saturday? (Unit: people)\nFirst generate a step-by-step solution, then answer the question using a single word or phrase."}, {"from": "assistant", "value": "Solution:\n1. Number of riders on Friday: 8,689.\n2. Number of riders on Saturday: 6,732.\n3. Difference: 8,689 - 6,732 = 1,957.\nAnswer: 1,957"}]}, {"image": "36146.png", "conversations": [{"from": "user", "value": "Dylan wants to buy 1.6 pounds of denim scraps. How much will he spend? (Unit: $)\nFirst generate a step-by-step solution, then answer the question using a single word or phrase."}, {"from": "assistant", "value": "Solution:\n1. Denim scraps cost $11 per pound.\n2. Dylan wants to buy 1.6 pounds.\n3. Total cost = 1.6 pounds \u00d7 $11 per pound = $17.60.\nAnswer: 17.60"}]}, {"image": "32147.png", "conversations": [{"from": "user", "value": "Look at the following schedule. When does marching band practice begin?\nOptions:\n(A) 1:30 P.M.\n(B) 4:35 P.M.\n(C) 3:00 P.M.\n(D) 5:40 P.M.\nFirst generate a step-by-step solution, then answer with the option\u2019s letter from the given choices directly."}, {"from": "assistant", "value": "Solution:\n1. Locate \"marching band practice\" in the schedule.\n2. The \"Begin\" time for marching band practice is 5:40 P.M.\nAnswer: D"}]}, {"image": "27049.png", "conversations": [{"from": "user", "value": "Look at the following schedule. When does Social Dance class end?\nOptions:\n(A) 11:45 A.M.\n(B) 10:15 A.M.\n(C) 8:55 A.M.\n(D) 9:05 A.M.\nFirst generate a step-by-step solution, then answer with the option\u2019s letter from the given choices directly."}, {"from": "assistant", "value": "Solution:\n1. Locate the Social Dance class in the schedule.\n2. The end time for Social Dance is 10:15 A.M.\nAnswer: B"}]}, {"image": "36103.png", "conversations": [{"from": "user", "value": "Nick went on a vacation to an amusement park and counted how many rides he went on each day. What is the mean of the numbers?\nFirst generate a step-by-step solution, then answer the question using a single word or phrase."}, {"from": "assistant", "value": "Solution:\n1. List the number of rides: 7, 5, 4, 10, 6, 10.\n2. Calculate the sum: 7 + 5 + 4 + 10 + 6 + 10 = 42.\n3. Count the number of days: 6.\n4. Calculate the mean: 42 \u00f7 6 = 7.\nAnswer: 7"}]}, {"image": "30175.png", "conversations": [{"from": "user", "value": "How much more does a cupcake cost than a slice of cherry pie? (Unit: $)\nFirst generate a step-by-step solution, then answer the question using a single word or phrase."}, {"from": "assistant", "value": "Solution:\n1. The cost of a cupcake is $1.57.\n2. The cost of a slice of cherry pie is $1.42.\n3. Subtract the cost of the pie from the cost of the cupcake: $1.57 - $1.42 = $0.15.\nAnswer: $0.15"}]}, {"image": "35027.png", "conversations": [{"from": "user", "value": "The coach of the Academic Bowl recorded the scores in a trivia game to determine who would represent the school at the regional competition. How many people are there in all?\nFirst generate a step-by-step solution, then answer the question using a single word or phrase."}, {"from": "assistant", "value": "Solution:\n1. Add the frequencies of all the scores: \n   - 19 (score of 5)\n   - 6 (score of 6)\n   - 7 (score of 7)\n   - 10 (score of 8)\n   - 15 (score of 9)\n   - 12 (score of 10)\n2. Total = 19 + 6 + 7 + 10 + 15 + 12 = 69\n\nAnswer: 69"}]}, {"image": "5987.png", "conversations": [{"from": "user", "value": "Each stack has 2 bricks. How many bricks are in 6 stacks? (Unit: bricks)\nFirst generate a step-by-step solution, then answer the question using a single word or phrase."}, {"from": "assistant", "value": "Solution:\n1. Each stack has 2 bricks.\n2. For 6 stacks: 6 stacks \u00d7 2 bricks per stack = 12 bricks.\nAnswer: 12"}]}, {"image": "10182.png", "conversations": [{"from": "user", "value": "Riley graphed the amount of snow that fell in the last 6 days. What is the mode of the numbers?\nFirst generate a step-by-step solution, then answer the question using a single word or phrase."}, {"from": "assistant", "value": "Solution:\n1. List the snowfall amounts: 1, 4, 4, 4, 9, 1.\n2. Count the frequency of each number:\n   - 1 appears 2 times\n   - 4 appears 3 times\n   - 9 appears 1 time\n3. The mode is the number that appears most frequently, which is 4.\nAnswer: 4"}]}, {"image": "5659.png", "conversations": [{"from": "user", "value": "While looking through an almanac at the library, Joe noticed some data showing the population density of various states. In 1990, how many more people per square mile lived in North Dakota than in Wyoming? (Unit: people per square mile)\nFirst generate a step-by-step solution, then answer the question using a single word or phrase."}, {"from": "assistant", "value": "Solution:\n1. In 1990, North Dakota had a population density of 9 people per square mile.\n2. Wyoming had a population density of 4 people per square mile.\n3. The difference is 9 - 4 = 5 people per square mile.\nAnswer: 5"}]}, {"image": "34470.png", "conversations": [{"from": "user", "value": "The school district compared how many math teachers each high school has. What is the mode of the numbers?\nFirst generate a step-by-step solution, then answer the question using a single word or phrase."}, {"from": "assistant", "value": "Solution:\n1. List the numbers: 2, 5, 5, 2, 6, 6, 6, 9.\n2. Count the occurrences of each number:\n   - 2 occurs twice.\n   - 5 occurs twice.\n   - 6 occurs three times.\n   - 9 occurs once.\n3. The mode is the number that appears most frequently, which is 6.\nAnswer: 6"}]}, {"image": "8214.png", "conversations": [{"from": "user", "value": "For a study on numerical psychology, people were polled about which number between 1 and 5 they like most, and why. How many people are there in all?\nFirst generate a step-by-step solution, then answer the question using a single word or phrase."}, {"from": "assistant", "value": "Solution:\n1. Add the frequencies: 20 (for 1) + 6 (for 2) + 4 (for 3) + 18 (for 4) + 11 (for 5).\n2. Calculate the total: 20 + 6 + 4 + 18 + 11 = 59.\nAnswer: 59"}]}, {"image": "37390.png", "conversations": [{"from": "user", "value": "How much money does Alan need to buy a mystery novel and a poetry book? (Unit: $)\nFirst generate a step-by-step solution, then answer the question using a single word or phrase."}, {"from": "assistant", "value": "Solution:\n1. The price of the mystery novel is $17.00.\n2. The price of the poetry book is $22.00.\n3. Total cost = $17.00 + $22.00 = $39.00.\nAnswer: 39.00"}]}, {"image": "33214.png", "conversations": [{"from": "user", "value": "How much money does Janelle need to buy 6 red thumbtacks and 4 light bulbs? (Unit: $)\nFirst generate a step-by-step solution, then answer the question using a single word or phrase."}, {"from": "assistant", "value": "Solution:\n1. Cost of one red thumbtack: $0.12\n2. Cost of 6 red thumbtacks: 6 \u00d7 $0.12 = $0.72\n3. Cost of one light bulb: $0.66\n4. Cost of 4 light bulbs: 4 \u00d7 $0.66 = $2.64\n5. Total cost: $0.72 + $2.64 = $3.36\nAnswer: $3.36"}]}, {"image": "15228.png", "conversations": [{"from": "user", "value": "Alana, a huge fan, tracked the scores on her favorite radio quiz show. How many people scored more than 4?\nFirst generate a step-by-step solution, then answer the question using a single word or phrase."}, {"from": "assistant", "value": "Solution:\n1. Look at the scores greater than 4, which is only 5.\n2. The frequency for a score of 5 is 10.\n3. Therefore, 10 people scored more than 4.\nAnswer: 10"}]}, {"image": "24722.png", "conversations": [{"from": "user", "value": "A farm equipment company kept a record of the number of tractors made each month. What is the median of the numbers?\nFirst generate a step-by-step solution, then answer the question using a single word or phrase."}, {"from": "assistant", "value": "Solution:\n1. List the numbers in ascending order: 6, 6, 9, 9, 10.\n2. The third number is the median, which is 9.\nAnswer: 9"}]}, {"image": "25509.png", "conversations": [{"from": "user", "value": "How much money does Maya need to buy 2 hot dog stands? (Unit: $)\nFirst generate a step-by-step solution, then answer the question using a single word or phrase."}, {"from": "assistant", "value": "Solution:\n1. The cost of one hot dog stand is $6,280.00.\n2. To find the cost of two hot dog stands, multiply by 2: \n   \\(6,280.00 \\times 2 = 12,560.00\\).\nAnswer: $12,560.00"}]}, {"image": "31420.png", "conversations": [{"from": "user", "value": "Christine bought 4 pounds of oysters. How much did she spend? (Unit: $)\nFirst generate a step-by-step solution, then answer the question using a single word or phrase."}, {"from": "assistant", "value": "Solution:\n1. The price of oysters is $9.16 per pound.\n2. Christine bought 4 pounds.\n3. Total cost = 4 pounds \u00d7 $9.16/pound = $36.64.\nAnswer: $36.64"}]}, {"image": "32006.png", "conversations": [{"from": "user", "value": "A game show viewer monitors how often a wheel numbered 1 through 5 stops at each number. Which number was spun the most times?\nFirst generate a step-by-step solution, then answer the question using a single word or phrase."}, {"from": "assistant", "value": "Solution:\n1. Check the frequencies for each number:\n   - Number 1: 13 times\n   - Number 2: 18 times\n   - Number 3: 2 times\n   - Number 4: 10 times\n   - Number 5: 11 times\n2. The highest frequency is 18.\n3. Therefore, number 2 was spun the most times.\nAnswer: 2"}]}, {"image": "1225.png", "conversations": [{"from": "user", "value": "Some scooter companies compared how many scooters they sold. What is the mode of the numbers?\nFirst generate a step-by-step solution, then answer the question using a single word or phrase."}, {"from": "assistant", "value": "Solution:\n1. List the numbers of scooters sold: 50, 58, 59, 59, 52, 58, 58, 52.\n2. Count the frequency of each number:\n   - 50 occurs 1 time\n   - 52 occurs 2 times\n   - 58 occurs 3 times\n   - 59 occurs 2 times\n3. The mode is the number that occurs most frequently, which is 58.\nAnswer: 58"}]}, {"image": "36126.png", "conversations": [{"from": "user", "value": "A race car driver kept track of how many laps he drove in the past 4 days. On which day did the driver do the fewest laps?\nOptions:\n(A) Friday\n(B) Saturday\n(C) Sunday\n(D) Monday\nFirst generate a step-by-step solution, then answer with the option\u2019s letter from the given choices directly."}, {"from": "assistant", "value": "Solution:\n1. The number of laps for each day is as follows:\n   - Friday: 47\n   - Saturday: 42\n   - Sunday: 41\n   - Monday: 43\n2. The fewest laps were driven on Sunday, with 41 laps.\nAnswer: C"}]}, {"image": "29452.png", "conversations": [{"from": "user", "value": "Look at the table. Then answer the question. At a price of $685, is there a shortage or a surplus?\nOptions:\n(A) shortage\n(B) surplus\nFirst generate a step-by-step solution, then answer with the option\u2019s letter from the given choices directly."}, {"from": "assistant", "value": "Solution:\n1. At a price of $685, the quantity demanded is 15,400 and the quantity supplied is 14,100.\n2. Since the quantity demanded (15,400) is greater than the quantity supplied (14,100), there is a shortage.\nAnswer: A"}]}, {"image": "10787.png", "conversations": [{"from": "user", "value": "Florence's classmates revealed how many science articles they read. What is the median of the numbers?\nFirst generate a step-by-step solution, then answer the question using a single word or phrase."}, {"from": "assistant", "value": "Solution:\n1. List the numbers in ascending order: 2, 2, 2, 3, 6, 6, 7.\n2. The fourth number is the median, which is 3.\nAnswer: 3"}]}, {"image": "18640.png", "conversations": [{"from": "user", "value": "A gymnast jotted down the number of cartwheels she did each day. What is the range of the numbers?\nFirst generate a step-by-step solution, then answer the question using a single word or phrase."}, {"from": "assistant", "value": "Solution:\n1. List the numbers: 75, 72, 75, 77, 78, 75.\n2. Identify the smallest number: 72.\n3. Identify the largest number: 78.\n4. Calculate the range: 78 - 72 = 6.\nAnswer: 6"}]}, {"image": "23349.png", "conversations": [{"from": "user", "value": "A restaurant's average food preparation time was tracked from day to day as part of an efficiency improvement program. According to the table, what was the rate of change between Thursday and Friday? (Unit: minutes per day)\nFirst generate a step-by-step solution, then answer the question using a single word or phrase."}, {"from": "assistant", "value": "Solution:\n1. Food preparation time on Thursday: 28 minutes.\n2. Food preparation time on Friday: 23 minutes.\n3. Rate of change = Friday's time - Thursday's time = 23 - 28 = -5 minutes per day.\nAnswer: -5"}]}, {"image": "2519.png", "conversations": [{"from": "user", "value": "How much money does Ted need to buy a baseball helmet and a soccer jersey? (Unit: $)\nFirst generate a step-by-step solution, then answer the question using a single word or phrase."}, {"from": "assistant", "value": "Solution:\n1. The price of the baseball helmet is $18.20.\n2. The price of the soccer jersey is $28.70.\n3. Add the two prices: $18.20 + $28.70 = $46.90.\nAnswer: 46.90"}]}, {"image": "16613.png", "conversations": [{"from": "user", "value": "Look at the table. Then answer the question. At a price of $685, is there a shortage or a surplus?\nOptions:\n(A) shortage\n(B) surplus\nFirst generate a step-by-step solution, then answer with the option\u2019s letter from the given choices directly."}, {"from": "assistant", "value": "Solution:\n1. At a price of $685, the quantity demanded is 15,500.\n2. The quantity supplied is 6,300.\n3. Since the quantity demanded (15,500) is greater than the quantity supplied (6,300), there is a shortage.\nAnswer: A"}]}, {"image": "5297.png", "conversations": [{"from": "user", "value": "A taxi cab driver tracked how many miles she drove each month. How many more miles did the taxi cab driver drive in April than in May? (Unit: miles)\nFirst generate a step-by-step solution, then answer the question using a single word or phrase."}, {"from": "assistant", "value": "Solution:\n1. Miles driven in April: 7,331\n2. Miles driven in May: 3,258\n3. Difference: 7,331 - 3,258 = 4,073\nAnswer: 4,073"}]}, {"image": "30320.png", "conversations": [{"from": "user", "value": "How much more does an ice cream cone cost than a muffin? (Unit: $)\nFirst generate a step-by-step solution, then answer the question using a single word or phrase."}, {"from": "assistant", "value": "Solution:\n1. The cost of an ice cream cone is $0.89.\n2. The cost of a muffin is $0.59.\n3. The difference in cost is $0.89 - $0.59 = $0.30.\nAnswer: $0.30"}]}, {"image": "23287.png", "conversations": [{"from": "user", "value": "The table shows a function. Is the function linear or nonlinear?\nOptions:\n(A) linear\n(B) nonlinear\nFirst generate a step-by-step solution, then answer with the option\u2019s letter from the given choices directly."}, {"from": "assistant", "value": "Solution:\n1. Calculate the differences in \\(x\\): \\(9 - 8 = 1\\) and \\(10 - 9 = 1\\).\n2. Calculate the differences in \\(y\\): \\(9 - 0 = 9\\) and \\(15 - 9 = 6\\).\n3. The change in \\(y\\) is not consistent with the change in \\(x\\).\n4. Since the rate of change is not constant, the function is nonlinear.\n\nAnswer: B"}]}, {"image": "36375.png", "conversations": [{"from": "user", "value": "Each shelf has 2 shirts. How many shirts are on 3 shelves?\nFirst generate a step-by-step solution, then answer the question using a single word or phrase."}, {"from": "assistant", "value": "Solution:\n1. Each shelf has 2 shirts.\n2. For 3 shelves: 3 shelves \u00d7 2 shirts/shelf = 6 shirts.\nAnswer: 6"}]}, {"image": "22365.png", "conversations": [{"from": "user", "value": "Destiny's classmates recorded how many books they read last year. What is the median of the numbers?\nFirst generate a step-by-step solution, then answer the question using a single word or phrase."}, {"from": "assistant", "value": "Solution:\n1. List the numbers in ascending order: 70, 70, 71, 71, 72, 74, 74.\n2. The fourth number is the median, which is 71.\nAnswer: 71"}]}, {"image": "33615.png", "conversations": [{"from": "user", "value": "Vivian bought 2/5 of a pound of gummy bears. How much did she spend? (Unit: $)\nFirst generate a step-by-step solution, then answer the question using a single word or phrase."}, {"from": "assistant", "value": "Solution:\n1. The price of gummy bears is $6 per pound.\n2. Vivian bought 2/5 of a pound.\n3. Calculate the cost: \\( \\frac{2}{5} \\times 6 = \\frac{12}{5} = 2.4 \\).\nAnswer: 2.4"}]}, {"image": "19544.png", "conversations": [{"from": "user", "value": "How much money does Zach need to buy a soccer ticket and a golf ticket? (Unit: $)\nFirst generate a step-by-step solution, then answer the question using a single word or phrase."}, {"from": "assistant", "value": "Solution:\n1. The cost of a soccer ticket is $16.00.\n2. The cost of a golf ticket is $43.00.\n3. Total cost = $16.00 + $43.00 = $59.00.\nAnswer: 59.00"}]}, {"image": "8062.png", "conversations": [{"from": "user", "value": "The county released data about how many schools there are in each town. What is the mode of the numbers?\nFirst generate a step-by-step solution, then answer the question using a single word or phrase."}, {"from": "assistant", "value": "Solution:\n1. List the numbers: 2, 4, 1, 2, 3, 3, 1, 2.\n2. Count the frequency of each number:\n   - 1 appears 2 times\n   - 2 appears 3 times\n   - 3 appears 2 times\n   - 4 appears 1 time\n3. The mode is the number that appears most frequently, which is 2.\nAnswer: 2"}]}, {"image": "18183.png", "conversations": [{"from": "user", "value": "Look at the following schedule. Which activity begins at 5.30 P.M.?\nOptions:\n(A) canoe trip\n(B) rock climbing class\n(C) tennis class\n(D) quiet time\nFirst generate a step-by-step solution, then answer with the option\u2019s letter from the given choices directly."}, {"from": "assistant", "value": "Solution:\n1. Locate the activity that begins at 5:30 P.M.\n2. According to the schedule, rock climbing begins at 5:30 P.M.\nAnswer: B"}]}, {"image": "18418.png", "conversations": [{"from": "user", "value": "For a social studies project, Shawna counted the number of classrooms in each school in the city. How many schools have at least 30 classrooms but fewer than 50 classrooms? (Unit: schools)\nFirst generate a step-by-step solution, then answer the question using a single word or phrase."}, {"from": "assistant", "value": "Solution:\n1. The stem-and-leaf plot shows:\n   - 30s: 30, 30, 36, 37\n   - 40s: 40, 42, 48\n2. Count the numbers in the 30s and 40s: 7 numbers.\nAnswer: 7"}]}, {"image": "13439.png", "conversations": [{"from": "user", "value": "A business magazine surveyed its readers about their commute times. How many commutes are exactly 90 minutes? (Unit: commutes)\nFirst generate a step-by-step solution, then answer the question using a single word or phrase."}, {"from": "assistant", "value": "Solution:\n1. Look at the stem \"9\" for 90-minute commutes.\n2. The leaves for stem \"9\" are \"0 0 0\".\n3. Count the number of \"0\" leaves: there are 3.\nAnswer: 3"}]}, {"image": "15156.png", "conversations": [{"from": "user", "value": "A restaurant's average food preparation time was tracked from day to day as part of an efficiency improvement program. According to the table, what was the rate of change between Friday and Saturday? (Unit: minutes per day)\nFirst generate a step-by-step solution, then answer the question using a single word or phrase."}, {"from": "assistant", "value": "Solution:\n1. Food preparation time on Friday: 34 minutes.\n2. Food preparation time on Saturday: 21 minutes.\n3. Rate of change = Saturday time - Friday time = 21 - 34 = -13 minutes.\nAnswer: -13"}]}, {"image": "17394.png", "conversations": [{"from": "user", "value": "How much money does Kenny need to buy a carton of eggs and 6 packages of hot dog buns? (Unit: $)\nFirst generate a step-by-step solution, then answer the question using a single word or phrase."}, {"from": "assistant", "value": "Solution:\n1. The cost of a carton of eggs is $3.79.\n2. The cost of one package of hot dog buns is $3.60.\n3. The cost of 6 packages of hot dog buns is 6 \u00d7 $3.60 = $21.60.\n4. Total cost is $3.79 + $21.60 = $25.39.\nAnswer: $25.39"}]}, {"image": "32368.png", "conversations": [{"from": "user", "value": "Jen kept track of the number of games her soccer team won each year. According to the table, what was the rate of change between 2017 and 2018? (Unit: games per year)\nFirst generate a step-by-step solution, then answer the question using a single word or phrase."}, {"from": "assistant", "value": "Solution:\n1. Games won in 2017: 25\n2. Games won in 2018: 19\n3. Rate of change = Games in 2018 - Games in 2017 = 19 - 25 = -6\nAnswer: -6"}]}, {"image": "35620.png", "conversations": [{"from": "user", "value": "What is the total cost for 1 pound of peanuts? (Unit: $)\nFirst generate a step-by-step solution, then answer the question using a single word or phrase."}, {"from": "assistant", "value": "Solution:\n1. The price for 1 pound of peanuts is $3.88.\nAnswer: 3.88"}]}, {"image": "31365.png", "conversations": [{"from": "user", "value": "How much money does Brandon need to buy a Hawaiian vacation package and a Caribbean vacation package? (Unit: $)\nFirst generate a step-by-step solution, then answer the question using a single word or phrase."}, {"from": "assistant", "value": "Solution:\n1. Hawaiian vacation package costs $872.00.\n2. Caribbean vacation package costs $522.00.\n3. Total cost = $872.00 + $522.00 = $1,394.00.\nAnswer: $1,394.00"}]}, {"image": "18453.png", "conversations": [{"from": "user", "value": "A volunteer for the local running club counted the number of participants at each race. How many races had exactly 43 participants? (Unit: races)\nFirst generate a step-by-step solution, then answer the question using a single word or phrase."}, {"from": "assistant", "value": "Solution:\n1. The stem-and-leaf plot shows the numbers: 26, 36, 39, 43, 43, 48, 51, 54.\n2. Count the occurrences of 43 in the list.\n3. There are 2 occurrences of 43.\nAnswer: 2"}]}, {"image": "14365.png", "conversations": [{"from": "user", "value": "Shane wants to buy 5 kilograms of blackberry jam. How much will he spend? (Unit: $)\nFirst generate a step-by-step solution, then answer the question using a single word or phrase."}, {"from": "assistant", "value": "Solution:\n1. The price of blackberry jam is $1.73 per kilogram.\n2. Shane wants to buy 5 kilograms.\n3. Total cost = 5 kg \u00d7 $1.73/kg = $8.65.\nAnswer: $8.65"}]}, {"image": "30223.png", "conversations": [{"from": "user", "value": "Luther, a huge fan, tracked the scores on his favorite radio quiz show. Which score did the fewest people receive?\nFirst generate a step-by-step solution, then answer the question using a single word or phrase."}, {"from": "assistant", "value": "Solution:\n1. The frequencies for each score are: \n   - Score 0: 4 people\n   - Score 1: 13 people\n   - Score 2: 6 people\n   - Score 3: 3 people\n   - Score 4: 20 people\n   - Score 5: 11 people\n2. The lowest frequency is 3 for score 3.\nAnswer: 3"}]}, {"image": "30439.png", "conversations": [{"from": "user", "value": "Nick counted the number of desks in each classroom at his school. How many classrooms have exactly 24 desks?\nFirst generate a step-by-step solution, then answer the question using a single word or phrase."}, {"from": "assistant", "value": "Solution:\n1. The stem-and-leaf plot shows the numbers: 14, 15, 24, 24, 31, 41.\n2. Count the number of times 24 appears: it appears twice.\nAnswer: 2"}]}, {"image": "25573.png", "conversations": [{"from": "user", "value": "Bobby has $17.44. Does he have enough to buy a blueberry cheesecake and a peach pie?\nOptions:\n(A) yes\n(B) no\nFirst generate a step-by-step solution, then answer with the option\u2019s letter from the given choices directly."}, {"from": "assistant", "value": "Solution:\n1. Blueberry cheesecake costs $8.94.\n2. Peach pie costs $8.52.\n3. Total cost is $8.94 + $8.52 = $17.46.\n4. Bobby has $17.44.\n5. $17.46 > $17.44, so he does not have enough money.\n\nAnswer: B"}]}, {"image": "20098.png", "conversations": [{"from": "user", "value": "An archer recalled how many times he hit the bull's-eye in the past 6 days. What is the range of the numbers?\nFirst generate a step-by-step solution, then answer the question using a single word or phrase."}, {"from": "assistant", "value": "Solution:\n1. List the numbers: 1, 8, 7, 5, 9, 9.\n2. Identify the smallest number: 1.\n3. Identify the largest number: 9.\n4. Calculate the range: 9 - 1 = 8.\nAnswer: 8"}]}, {"image": "7910.png", "conversations": [{"from": "user", "value": "Tristan buys 3 kilograms of milk chocolate chips, 2 kilograms of semisweet chocolate chips, and 3 kilograms of butterscotch chips. What is the total cost? (Unit: $)\nFirst generate a step-by-step solution, then answer the question using a single word or phrase."}, {"from": "assistant", "value": "Solution:\n1. Milk chocolate chips cost $1.12 per kilogram. For 3 kilograms: \\(3 \\times 1.12 = 3.36\\).\n2. Semisweet chocolate chips cost $3.33 per kilogram. For 2 kilograms: \\(2 \\times 3.33 = 6.66\\).\n3. Butterscotch chips cost $1.20 per kilogram. For 3 kilograms: \\(3 \\times 1.20 = 3.60\\).\n4. Total cost: \\(3.36 + 6.66 + 3.60 = 13.62\\).\n\nAnswer: 13.62"}]}, {"image": "23859.png", "conversations": [{"from": "user", "value": "How much money does Sophie need to buy a car show ticket and a hockey ticket? (Unit: $)\nFirst generate a step-by-step solution, then answer the question using a single word or phrase."}, {"from": "assistant", "value": "Solution:\n1. The car show ticket costs $13.51.\n2. The hockey ticket costs $57.87.\n3. Add the two amounts: $13.51 + $57.87 = $71.38.\nAnswer: $71.38"}]}, {"image": "36198.png", "conversations": [{"from": "user", "value": "For a fundraiser, the children in the art club made greeting cards and kept track of how many they produced. How many children made fewer than 5 greeting cards?\nFirst generate a step-by-step solution, then answer the question using a single word or phrase."}, {"from": "assistant", "value": "Solution:\n1. Count the frequency for greeting cards made fewer than 5:\n   - 0 cards: 7 children\n   - 1 card: 19 children\n   - 2 cards: 17 children\n   - 3 cards: 15 children\n   - 4 cards: 3 children\n2. Total = 7 + 19 + 17 + 15 + 3 = 61 children\nAnswer: 61"}]}, {"image": "36235.png", "conversations": [{"from": "user", "value": "Look at the following schedule. At which stop does the boat arrive at 11.30 A.M.?\nOptions:\n(A) Kite Coast\n(B) Ocean City\n(C) Sea Town\n(D) Whale Watch Harbor\nFirst generate a step-by-step solution, then answer with the option\u2019s letter from the given choices directly."}, {"from": "assistant", "value": "Solution:\n1. Look at the \"Arrive\" column for the time 11:30 A.M.\n2. 11:30 A.M. corresponds to Kite Coast.\nAnswer: A"}]}, {"image": "7709.png", "conversations": [{"from": "user", "value": "Some students compared how many blocks they live from school. Who lives the farthest from school?\nOptions:\n(A) Gary\n(B) John\n(C) Anna\n(D) Luke\nFirst generate a step-by-step solution, then answer with the option\u2019s letter from the given choices directly."}, {"from": "assistant", "value": "Solution:\n1. List the number of blocks each student lives from school:\n   - Gary: 10 blocks\n   - John: 16 blocks\n   - Anna: 14 blocks\n   - Luke: 11 blocks\n2. Identify the largest number: 16 blocks.\n3. John lives 16 blocks away, which is the farthest.\nAnswer: B"}]}, {"image": "782.png", "conversations": [{"from": "user", "value": "A game show viewer monitors how often a wheel numbered 1 through 5 stops at each number. Which number was spun the fewest times?\nFirst generate a step-by-step solution, then answer the question using a single word or phrase."}, {"from": "assistant", "value": "Solution:\n1. List the frequencies for each number:\n   - Number 1: 14 times\n   - Number 2: 4 times\n   - Number 3: 0 times\n   - Number 4: 7 times\n   - Number 5: 20 times\n2. The number spun the fewest times is the one with the lowest frequency, which is 0 times.\n3. Therefore, number 3 was spun the fewest times.\nAnswer: 3"}]}, {"image": "37315.png", "conversations": [{"from": "user", "value": "A car dealership tracked the number of cars sold each month. What is the range of the numbers?\nFirst generate a step-by-step solution, then answer the question using a single word or phrase."}, {"from": "assistant", "value": "Solution:\n1. Identify the smallest number: 26 (April).\n2. Identify the largest number: 35 (June).\n3. Calculate the range: 35 - 26 = 9.\nAnswer: 9"}]}, {"image": "35523.png", "conversations": [{"from": "user", "value": "Look at the following schedule. When does Badminton class begin?\nOptions:\n(A) 7:05 A.M.\n(B) 12:45 P.M.\n(C) 3:05 P.M.\n(D) 10:30 A.M.\nFirst generate a step-by-step solution, then answer with the option\u2019s letter from the given choices directly."}, {"from": "assistant", "value": "Solution:\n1. Locate the Badminton class in the schedule.\n2. The Begin time for Badminton is 7:05 A.M.\nAnswer: A"}]}, {"image": "24554.png", "conversations": [{"from": "user", "value": "Some companies compared how many phone calls they made. Which company made the most phone calls?\nOptions:\n(A) Brave New Day Corporation\n(B) Melbourne Medical Devices\n(C) Tad's Coffee Company\n(D) Critical Insight Consulting\nFirst generate a step-by-step solution, then answer with the option\u2019s letter from the given choices directly."}, {"from": "assistant", "value": "Solution:\n1. Compare the number of phone calls for each company:\n   - Brave New Day Corporation: 421\n   - Melbourne Medical Devices: 412\n   - Tad's Coffee Company: 414\n   - Critical Insight Consulting: 442\n2. The highest number of phone calls is 442.\n3. Critical Insight Consulting made the most phone calls.\n\nAnswer: D"}]}, {"image": "25935.png", "conversations": [{"from": "user", "value": "Frank's class recorded how many states each student has visited. What is the range of the numbers?\nFirst generate a step-by-step solution, then answer the question using a single word or phrase."}, {"from": "assistant", "value": "Solution:\n1. List the numbers: 3, 10, 5, 7, 7, 9, 1, 2.\n2. Identify the smallest number: 1.\n3. Identify the largest number: 10.\n4. Calculate the range: 10 - 1 = 9.\nAnswer: 9"}]}, {"image": "22689.png", "conversations": [{"from": "user", "value": "Look at the following schedule. Lillian is at Oakdale. If she wants to arrive at Arlington at 11.00 A.M., what time should she get on the train?\nOptions:\n(A) 2:45 P.M.\n(B) 9:45 A.M.\n(C) 1:00 P.M.\n(D) 3:15 P.M.\nFirst generate a step-by-step solution, then answer with the option\u2019s letter from the given choices directly."}, {"from": "assistant", "value": "Solution:\n1. To arrive at Arlington at 11:00 A.M., Lillian needs to take the train that departs Oakdale at 9:45 A.M.\n2. The train schedule for Oakdale shows a departure at 9:45 A.M. that arrives at Arlington at 11:00 A.M.\nAnswer: B"}]}, {"image": "439.png", "conversations": [{"from": "user", "value": "A publisher invited authors to write stories for a special anthology. How many authors wrote fewer than 3 stories?\nFirst generate a step-by-step solution, then answer the question using a single word or phrase."}, {"from": "assistant", "value": "Solution:\n1. Authors who wrote 1 story: 4 authors.\n2. Authors who wrote 2 stories: 12 authors.\n3. Total authors who wrote fewer than 3 stories: 4 + 12 = 16 authors.\nAnswer: 16"}]}, {"image": "36249.png", "conversations": [{"from": "user", "value": "Look at the table. Then answer the question. At a price of $185, is there a shortage or a surplus?\nOptions:\n(A) shortage\n(B) surplus\nFirst generate a step-by-step solution, then answer with the option\u2019s letter from the given choices directly."}, {"from": "assistant", "value": "Solution:\n1. At $185, the quantity demanded is 10,500.\n2. The quantity supplied at $185 is 13,200.\n3. Since the quantity supplied (13,200) is greater than the quantity demanded (10,500), there is a surplus.\nAnswer: B"}]}, {"image": "32384.png", "conversations": [{"from": "user", "value": "Each branch has 2 leaves. How many leaves are on 4 branches? (Unit: leaves)\nFirst generate a step-by-step solution, then answer the question using a single word or phrase."}, {"from": "assistant", "value": "Solution:\n1. Each branch has 2 leaves.\n2. For 4 branches, calculate the total number of leaves: 4 branches \u00d7 2 leaves/branch = 8 leaves.\nAnswer: 8"}]}, {"image": "9981.png", "conversations": [{"from": "user", "value": "A transportation analyst compared various bridges' tolls. How much is the toll for a car on the George Washington bridge? (Unit: $)\nFirst generate a step-by-step solution, then answer the question using a single word or phrase."}, {"from": "assistant", "value": "Solution:\n1. Locate the row for the George Washington bridge.\n2. Find the toll under the \"Car\" column.\n3. The toll for a car on the George Washington bridge is $8.\nAnswer: 8"}]}, {"image": "11968.png", "conversations": [{"from": "user", "value": "A school administrator who was concerned about grade inflation looked over the number of straight-A students from year to year. According to the table, what was the rate of change between 2011 and 2012? (Unit: students per year)\nFirst generate a step-by-step solution, then answer the question using a single word or phrase."}, {"from": "assistant", "value": "Solution:\n1. Number of students in 2011: 36\n2. Number of students in 2012: 33\n3. Rate of change = 33 - 36 = -3 students per year\nAnswer: -3"}]}, {"image": "6638.png", "conversations": [{"from": "user", "value": "At Lauren's birthday party, children and parents celebrated by participating in some activities. How many more parents are jumping rope than playing tag? (Unit: parents)\nFirst generate a step-by-step solution, then answer the question using a single word or phrase."}, {"from": "assistant", "value": "Solution:\n1. Number of parents jumping rope: 16\n2. Number of parents playing tag: 5\n3. Difference: 16 - 5 = 11\nAnswer: 11"}]}, {"image": "34350.png", "conversations": [{"from": "user", "value": "How much more does a denim skirt cost than a pair of shorts? (Unit: $)\nFirst generate a step-by-step solution, then answer the question using a single word or phrase."}, {"from": "assistant", "value": "Solution:\n1. The cost of a denim skirt is $7.00.\n2. The cost of a pair of shorts is $3.00.\n3. The difference is $7.00 - $3.00 = $4.00.\nAnswer: $4.00"}]}, {"image": "19354.png", "conversations": [{"from": "user", "value": "For a math assignment, Patrick researched the scores of the people competing on his favorite quiz show. How many people scored exactly 47 points? (Unit: people)\nFirst generate a step-by-step solution, then answer the question using a single word or phrase."}, {"from": "assistant", "value": "Solution:\n1. The stem \"4\" and leaf \"7\" represent the score 47.\n2. There is one \"7\" in the leaf for stem \"4.\"\n3. Therefore, 1 person scored exactly 47 points.\nAnswer: 1"}]}, {"image": "33688.png", "conversations": [{"from": "user", "value": "Jerry's Candies has been studying how much chocolate people have been eating in different countries. How much chocolate was consumed per capita in Austria in 2005? (Unit: kg)\nFirst generate a step-by-step solution, then answer the question using a single word or phrase."}, {"from": "assistant", "value": "Solution:\n1. Locate the row for Austria.\n2. Find the column for the year 2005.\n3. The consumption per capita in Austria in 2005 is 9 kg.\nAnswer: 9"}]}, {"image": "23157.png", "conversations": [{"from": "user", "value": "An actor was informed how many fan letters he received each day. What is the mean of the numbers?\nFirst generate a step-by-step solution, then answer the question using a single word or phrase."}, {"from": "assistant", "value": "Solution:\n1. Add the numbers: 5 + 4 + 10 + 8 + 7 + 8 = 42.\n2. Count the number of days: 6.\n3. Divide the total by the number of days: 42 \u00f7 6 = 7.\nAnswer: 7"}]}, {"image": "22640.png", "conversations": [{"from": "user", "value": "How much money does Dan need to buy 6 fleece blankets? (Unit: $)\nFirst generate a step-by-step solution, then answer the question using a single word or phrase."}, {"from": "assistant", "value": "Solution:\n1. The price of one fleece blanket is $16.00.\n2. To find the cost of 6 fleece blankets, multiply 6 by $16.00.\n3. \\(6 \\times 16 = 96\\).\nAnswer: 96"}]}, {"image": "11336.png", "conversations": [{"from": "user", "value": "Bella and her friends recorded their scores while playing a board game. How many people are there in all?\nFirst generate a step-by-step solution, then answer the question using a single word or phrase."}, {"from": "assistant", "value": "Solution:\n1. Add the frequencies of all scores: 12 + 10 + 9 + 13 + 7.\n2. Calculate the total: 12 + 10 = 22; 22 + 9 = 31; 31 + 13 = 44; 44 + 7 = 51.\nAnswer: 51"}]}, {"image": "37327.png", "conversations": [{"from": "user", "value": "Look at this table. Is this relation a function?\nOptions:\n(A) yes\n(B) no\nFirst generate a step-by-step solution, then answer with the option\u2019s letter from the given choices directly."}, {"from": "assistant", "value": "Solution:\n1. A relation is a function if each input \\( x \\) has exactly one output \\( y \\).\n2. Check the \\( x \\) values: 4, 8, 6, 13.\n3. Each \\( x \\) value is unique and corresponds to only one \\( y \\) value.\n4. Therefore, the relation is a function.\n\nAnswer: A"}]}, {"image": "8976.png", "conversations": [{"from": "user", "value": "Carmen has $1.50. Does she have enough to buy a peach and a yellow pepper?\nOptions:\n(A) yes\n(B) no\nFirst generate a step-by-step solution, then answer with the option\u2019s letter from the given choices directly."}, {"from": "assistant", "value": "Solution:\n1. The cost of a peach is $0.98.\n2. The cost of a yellow pepper is $0.64.\n3. Add the costs: $0.98 + $0.64 = $1.62.\n4. Carmen has $1.50, which is less than $1.62.\nAnswer: B"}]}, {"image": "13692.png", "conversations": [{"from": "user", "value": "How much more does a soup pot cost than a baking dish? (Unit: $)\nFirst generate a step-by-step solution, then answer the question using a single word or phrase."}, {"from": "assistant", "value": "Solution:\n1. The cost of the soup pot is $51.00.\n2. The cost of the baking dish is $14.00.\n3. The difference is $51.00 - $14.00 = $37.00.\nAnswer: 37.00"}]}, {"image": "3305.png", "conversations": [{"from": "user", "value": "Look at the following schedule. Maggie is at the hospital. If she wants to arrive at the riverfront at 1.30 P.M., what time should she get on the train?\nOptions:\n(A) 1:30 P.M.\n(B) 11:00 A.M.\n(C) 1:00 P.M.\n(D) 12:00 P.M.\nFirst generate a step-by-step solution, then answer with the option\u2019s letter from the given choices directly."}, {"from": "assistant", "value": "Solution:\n1. Maggie wants to arrive at the riverfront by 1:30 P.M.\n2. The train arrives at the riverfront at 1:30 P.M.\n3. To catch this train, she should board the train leaving the hospital at 11:00 A.M.\nAnswer: B"}]}, {"image": "2432.png", "conversations": [{"from": "user", "value": "Each bunch has 2 balloons. How many balloons are in 6 bunches?\nFirst generate a step-by-step solution, then answer the question using a single word or phrase."}, {"from": "assistant", "value": "Solution:\n1. Each bunch has 2 balloons.\n2. For 6 bunches, calculate 6 \u00d7 2 = 12.\nAnswer: 12"}]}, {"image": "18072.png", "conversations": [{"from": "user", "value": "How much money does Aiden need to buy 2 aprons? (Unit: $)\nFirst generate a step-by-step solution, then answer the question using a single word or phrase."}, {"from": "assistant", "value": "Solution:\n1. The price of one apron is $16.\n2. To find the cost of 2 aprons, multiply $16 by 2.\n3. $16 \u00d7 2 = $32.\nAnswer: $32"}]}, {"image": "1934.png", "conversations": [{"from": "user", "value": "An actor was informed how many fan letters he received each day. What is the mode of the numbers?\nFirst generate a step-by-step solution, then answer the question using a single word or phrase."}, {"from": "assistant", "value": "Solution:\n1. List the numbers: 6, 6, 4, 4, 4.\n2. Count the frequency of each number: \n   - 6 appears 2 times.\n   - 4 appears 3 times.\n3. The mode is the number that appears most frequently, which is 4.\nAnswer: 4"}]}, {"image": "16679.png", "conversations": [{"from": "user", "value": "Amanda likes watching the show Engineering Marvels. In last night's episode, the engineering team visited a tall skyscraper and a deep mine. A banner at the bottom of the screen showed the elevation of each location the team visited. Which location is closer to sea level?\nOptions:\n(A) top of the skyscraper\n(B) bottom of the mine\nFirst generate a step-by-step solution, then answer with the option\u2019s letter from the given choices directly."}, {"from": "assistant", "value": "Solution:\n1. Elevation of the top of the skyscraper: 275 m.\n2. Elevation of the bottom of the mine: -260 m.\n3. Distance from sea level for the skyscraper: 275 m.\n4. Distance from sea level for the mine: 260 m.\n5. The bottom of the mine is closer to sea level because 260 is less than 275.\nAnswer: B"}]}, {"image": "5760.png", "conversations": [{"from": "user", "value": "What is the total cost for 2+1/2 pounds of peanut flour? (Unit: $)\nFirst generate a step-by-step solution, then answer the question using a single word or phrase."}, {"from": "assistant", "value": "Solution:\n1. The cost of peanut flour is $3 per pound.\n2. Calculate the total cost for 2.5 pounds: \\(2.5 \\times 3 = 7.5\\).\nAnswer: 7.5"}]}, {"image": "7977.png", "conversations": [{"from": "user", "value": "A real estate agent looked into how many houses were sold in different cities. What is the range of the numbers?\nFirst generate a step-by-step solution, then answer the question using a single word or phrase."}, {"from": "assistant", "value": "Solution:\n1. List the numbers of houses sold: 53, 39, 54, 45, 36.\n2. Identify the maximum value: 54.\n3. Identify the minimum value: 36.\n4. Calculate the range: 54 - 36 = 18.\nAnswer: 18"}]}, {"image": "26365.png", "conversations": [{"from": "user", "value": "Look at the following schedule. How long does it take to get from Rocky Ravine Town to Chickenville?\nOptions:\n(A) 1 hour\n(B) 30 minutes\n(C) 15 minutes\n(D) 45 minutes\nFirst generate a step-by-step solution, then answer with the option\u2019s letter from the given choices directly."}, {"from": "assistant", "value": "Solution:\n1. The train leaves Rocky Ravine Town at 10:30 A.M.\n2. The train arrives at Chickenville at 11:30 A.M.\n3. The time difference is 11:30 A.M. - 10:30 A.M. = 1 hour.\nAnswer: A"}]}, {"image": "19513.png", "conversations": [{"from": "user", "value": "Look at the following schedule. Which class begins at 9.50 A.M.?\nOptions:\n(A) hip hop dance class\n(B) beginning ballet class\n(C) jazz dance class\n(D) salsa dance class\nFirst generate a step-by-step solution, then answer with the option\u2019s letter from the given choices directly."}, {"from": "assistant", "value": "Solution:\n1. Look at the \"Begin\" column for the time 9:50 A.M.\n2. The class that begins at 9:50 A.M. is hip hop dance.\nAnswer: A"}]}, {"image": "19915.png", "conversations": [{"from": "user", "value": "How much more does a designer ball gown cost than a designer coat? (Unit: $)\nFirst generate a step-by-step solution, then answer the question using a single word or phrase."}, {"from": "assistant", "value": "Solution:\n1. Cost of designer ball gown: $8,371.\n2. Cost of designer coat: $1,325.\n3. Difference: $8,371 - $1,325 = $7,046.\nAnswer: 7,046"}]}, {"image": "29629.png", "conversations": [{"from": "user", "value": "Look at the following schedule. Which movie ends at 8.40 P.M.?\nOptions:\n(A) Dangerous Duck in Cartoon City\n(B) The Lonely Innkeeper of the West\n(C) 20 Wheels and a Monster Truck\n(D) Kung Fu Madness\nFirst generate a step-by-step solution, then answer with the option\u2019s letter from the given choices directly."}, {"from": "assistant", "value": "Solution:\n1. Look at the \"End\" times in the schedule.\n2. Find the movie that ends at 8:40 P.M.\n3. \"Dangerous Duck in Cartoon City\" ends at 8:40 P.M.\nAnswer: A"}]}, {"image": "7133.png", "conversations": [{"from": "user", "value": "Martha, an aspiring meteorologist, spent the past few weekends studying the clouds. She took detailed notes on the types of clouds observed and the time of day they were observed. What is the probability that a randomly selected cloud was observed in the morning and was marked as stratus? Simplify any fractions.\nFirst generate a step-by-step solution, then answer the question using a single word or phrase."}, {"from": "assistant", "value": "Solution:\n1. Total number of clouds observed: 3 (Stratocumulus, Morning) + 5 (Stratus, Morning) + 5 (Stratocumulus, Afternoon) + 5 (Stratus, Afternoon) = 18.\n2. Number of stratus clouds observed in the morning: 5.\n3. Probability = (Number of favorable outcomes) / (Total outcomes) = 5/18.\nAnswer: 5/18"}]}, {"image": "14369.png", "conversations": [{"from": "user", "value": "How much money does Harper need to buy a bottle of nail polish and a box of bandages? (Unit: $)\nFirst generate a step-by-step solution, then answer the question using a single word or phrase."}, {"from": "assistant", "value": "Solution:\n1. The price of a bottle of nail polish is $0.91.\n2. The price of a box of bandages is $0.79.\n3. Total cost = $0.91 + $0.79 = $1.70.\nAnswer: $1.70"}]}, {"image": "19433.png", "conversations": [{"from": "user", "value": "How much money does Julian need to buy 9 shiny red buttons and 6 red ribbons? (Unit: $)\nFirst generate a step-by-step solution, then answer the question using a single word or phrase."}, {"from": "assistant", "value": "Solution:\n1. Cost of one shiny red button: $0.12\n2. Cost of 9 shiny red buttons: 9 \u00d7 $0.12 = $1.08\n3. Cost of one red ribbon: $0.39\n4. Cost of 6 red ribbons: 6 \u00d7 $0.39 = $2.34\n5. Total cost: $1.08 + $2.34 = $3.42\nAnswer: $3.42"}]}, {"image": "24214.png", "conversations": [{"from": "user", "value": "A city planner counted the number of floors per building in the downtown area. How many buildings have fewer than 70 floors? (Unit: buildings)\nFirst generate a step-by-step solution, then answer the question using a single word or phrase."}, {"from": "assistant", "value": "Solution:\n1. Identify the numbers represented by the stem-and-leaf plot:\n   - 12, 12, 13\n   - 26\n   - 31\n   - 42, 44\n   - 51, 57\n   - 60\n   - 70, 72, 72, 75, 76, 79\n2. Count the numbers less than 70: 12, 12, 13, 26, 31, 42, 44, 51, 57, 60 (10 numbers).\nAnswer: 10"}]}, {"image": "38031.png", "conversations": [{"from": "user", "value": "The members of the swimming team compared how many laps they swam yesterday. What is the median of the numbers?\nFirst generate a step-by-step solution, then answer the question using a single word or phrase."}, {"from": "assistant", "value": "Solution:\n1. List the numbers in ascending order: 60, 76, 83, 84, 89.\n2. The third number is the median, which is 83.\nAnswer: 83"}]}, {"image": "13105.png", "conversations": [{"from": "user", "value": "How much more does a pig key chain cost than a cat key chain? (Unit: $)\nFirst generate a step-by-step solution, then answer the question using a single word or phrase."}, {"from": "assistant", "value": "Solution:\n1. The cost of a pig key chain is $1.56.\n2. The cost of a cat key chain is $1.17.\n3. The difference is $1.56 - $1.17 = $0.39.\nAnswer: $0.39"}]}, {"image": "26674.png", "conversations": [{"from": "user", "value": "Each office has 5 telephones. How many telephones are in 3 offices? (Unit: telephones)\nFirst generate a step-by-step solution, then answer the question using a single word or phrase."}, {"from": "assistant", "value": "Solution:\n1. Each office has 5 telephones.\n2. For 3 offices: 3 \u00d7 5 = 15 telephones.\nAnswer: 15"}]}, {"image": "15560.png", "conversations": [{"from": "user", "value": "The aquarium's records showed how many tickets were sold in the past 4 days. On which day did the aquarium sell the fewest tickets?\nOptions:\n(A) Friday\n(B) Saturday\n(C) Sunday\n(D) Monday\nFirst generate a step-by-step solution, then answer with the option\u2019s letter from the given choices directly."}, {"from": "assistant", "value": "Solution:\n1. Compare the number of tickets sold each day:\n   - Friday: 821\n   - Saturday: 858\n   - Sunday: 882\n   - Monday: 852\n2. The fewest tickets were sold on Friday with 821 tickets.\nAnswer: A"}]}, {"image": "16203.png", "conversations": [{"from": "user", "value": "For a class project, students in Mr. Joseph's biology course counted the number of red and gray squirrels at each of the local parks. How many squirrels are there in Walnut Park? (Unit: squirrels)\nFirst generate a step-by-step solution, then answer the question using a single word or phrase."}, {"from": "assistant", "value": "Solution:\n1. In Walnut Park, there are 1 gray squirrel and 14 red squirrels.\n2. Total squirrels in Walnut Park = 1 + 14 = 15.\nAnswer: 15"}]}, {"image": "21185.png", "conversations": [{"from": "user", "value": "The staff of a newspaper examined the number of copies sold over the past 5 days. How many more copies were sold on Wednesday than on Thursday? (Unit: copies)\nFirst generate a step-by-step solution, then answer the question using a single word or phrase."}, {"from": "assistant", "value": "Solution:\n1. Copies sold on Wednesday: 5,684.\n2. Copies sold on Thursday: 4,495.\n3. Difference: 5,684 - 4,495 = 1,189.\nAnswer: 1,189"}]}, {"image": "34156.png", "conversations": [{"from": "user", "value": "Russell's coach wrote down how many kilometers he had run over the past 7 days. What is the median of the numbers?\nFirst generate a step-by-step solution, then answer the question using a single word or phrase."}, {"from": "assistant", "value": "Solution:\n1. List the numbers in ascending order: 0, 3, 3, 4, 5, 10, 10.\n2. The fourth number is the median, which is 4.\nAnswer: 4"}]}, {"image": "5137.png", "conversations": [{"from": "user", "value": "A furniture store kept a record of how many couches it sold each day. What is the range of the numbers?\nFirst generate a step-by-step solution, then answer the question using a single word or phrase."}, {"from": "assistant", "value": "Solution:\n1. Identify the numbers: 2, 5, 4, 7, 4, 3.\n2. Find the maximum number: 7.\n3. Find the minimum number: 2.\n4. Calculate the range: 7 - 2 = 5.\nAnswer: 5"}]}, {"image": "19386.png", "conversations": [{"from": "user", "value": "The employee at the department store counted the number of ties on each tie rack. What is the largest number of ties? (Unit: ties)\nFirst generate a step-by-step solution, then answer the question using a single word or phrase."}, {"from": "assistant", "value": "Solution:\n1. Read the stem and leaf plot.\n2. The largest number is formed by the largest stem and leaf.\n3. The largest stem is 7, and the largest leaf in that row is 7.\n4. Therefore, the largest number of ties is 77.\nAnswer: 77"}]}, {"image": "4326.png", "conversations": [{"from": "user", "value": "Gary has $42. Does he have enough to buy a volleyball net and a swimsuit?\nOptions:\n(A) yes\n(B) no\nFirst generate a step-by-step solution, then answer with the option\u2019s letter from the given choices directly."}, {"from": "assistant", "value": "Solution:\n1. The cost of the volleyball net is $34.\n2. The cost of the swimsuit is $10.\n3. Total cost = $34 + $10 = $44.\n4. Gary has $42.\n5. $44 is greater than $42, so he does not have enough money.\nAnswer: B"}]}, {"image": "1210.png", "conversations": [{"from": "user", "value": "How much would it cost to buy 4 kilograms of lobster bisque? (Unit: $)\nFirst generate a step-by-step solution, then answer the question using a single word or phrase."}, {"from": "assistant", "value": "Solution:\n1. The cost of lobster bisque is $1.15 per kilogram.\n2. For 4 kilograms, the cost is 4 x $1.15 = $4.60.\nAnswer: $4.60"}]}, {"image": "4612.png", "conversations": [{"from": "user", "value": "Julia buys 3 pounds of plain yogurt and 1 pound of cream cheese. How much does she spend? (Unit: $)\nFirst generate a step-by-step solution, then answer the question using a single word or phrase."}, {"from": "assistant", "value": "Solution:\n1. Plain yogurt costs $3 per pound. For 3 pounds: 3 pounds \u00d7 $3 = $9.\n2. Cream cheese costs $4 per pound. For 1 pound: 1 pound \u00d7 $4 = $4.\n3. Total cost: $9 + $4 = $13.\nAnswer: 13"}]}, {"image": "30711.png", "conversations": [{"from": "user", "value": "A furniture store kept a record of how many couches it sold each day. What is the median of the numbers?\nFirst generate a step-by-step solution, then answer the question using a single word or phrase."}, {"from": "assistant", "value": "Solution:\n1. List the numbers in ascending order: 2, 4, 4, 6, 6, 6, 7.\n2. The fourth number is the median, which is 6.\nAnswer: 6"}]}, {"image": "7949.png", "conversations": [{"from": "user", "value": "Mr. Wilkinson, a track coach, recorded the sizes of all the nearby track teams. What is the size of the largest team? (Unit: members)\nFirst generate a step-by-step solution, then answer the question using a single word or phrase."}, {"from": "assistant", "value": "Solution:\n1. The stem-and-leaf plot represents numbers where the \"stem\" is the tens digit and the \"leaf\" is the ones digit.\n2. The largest stem is 9 and the corresponding leaf is 0.\n3. Therefore, the largest team size is 90 members.\nAnswer: 90"}]}, {"image": "2655.png", "conversations": [{"from": "user", "value": "Perry has $28.00. Does he have enough to buy a toy piano and a remote control car?\nOptions:\n(A) yes\n(B) no\nFirst generate a step-by-step solution, then answer with the option\u2019s letter from the given choices directly."}, {"from": "assistant", "value": "Solution:\n1. The price of the toy piano is $16.00.\n2. The price of the remote control car is $15.00.\n3. Total cost for both items: $16.00 + $15.00 = $31.00.\n4. Perry has $28.00, which is less than $31.00.\nAnswer: B"}]}, {"image": "13665.png", "conversations": [{"from": "user", "value": "A skating rink attendant monitored the number of injuries at the rink over the past year. He tracked the ages of those injured and the kinds of skates worn during injury. What is the probability that a randomly selected injured skater was wearing roller skates and was age 8? Simplify any fractions.\nFirst generate a step-by-step solution, then answer the question using a single word or phrase."}, {"from": "assistant", "value": "Solution:\n1. Total number of injuries: 4 (in-line, age 8) + 8 (in-line, age 10) + 5 (roller, age 8) + 2 (roller, age 10) = 19.\n2. Number of injuries with roller skates and age 8: 5.\n3. Probability = Number of favorable outcomes / Total number of outcomes = 5/19.\n\nAnswer: 5/19"}]}, {"image": "4329.png", "conversations": [{"from": "user", "value": "Scarlett buys 2 pounds of white beads, 2 pounds of purple beads, and 4 pounds of orange beads. How much does she spend? (Unit: $)\nFirst generate a step-by-step solution, then answer the question using a single word or phrase."}, {"from": "assistant", "value": "Solution:\n1. White beads cost $5 per pound. Scarlett buys 2 pounds: \\(2 \\times 5 = 10\\).\n2. Purple beads cost $5 per pound. Scarlett buys 2 pounds: \\(2 \\times 5 = 10\\).\n3. Orange beads cost $4 per pound. Scarlett buys 4 pounds: \\(4 \\times 4 = 16\\).\n4. Total cost: \\(10 + 10 + 16 = 36\\).\n\nAnswer: 36"}]}, {"image": "26037.png", "conversations": [{"from": "user", "value": "The table shows a function. Is the function linear or nonlinear?\nOptions:\n(A) linear\n(B) nonlinear\nFirst generate a step-by-step solution, then answer with the option\u2019s letter from the given choices directly."}, {"from": "assistant", "value": "Solution:\n1. Calculate the differences in \\(x\\): 16 - 15 = 1 and 17 - 16 = 1.\n2. Calculate the differences in \\(y\\): 12 - 14 = -2 and 4 - 12 = -8.\n3. The differences in \\(y\\) are not consistent, indicating the rate of change is not constant.\n4. Therefore, the function is nonlinear.\n\nAnswer: B"}]}, {"image": "12551.png", "conversations": [{"from": "user", "value": "The architecture student counted the number of bricks in each building in his neighborhood. What is the smallest number of bricks? (Unit: bricks)\nFirst generate a step-by-step solution, then answer the question using a single word or phrase."}, {"from": "assistant", "value": "Solution:\n1. Look at the stem-and-leaf plot.\n2. The smallest stem is 2, and the smallest leaf is 1.\n3. Therefore, the smallest number is 21.\nAnswer: 21"}]}, {"image": "5346.png", "conversations": [{"from": "user", "value": "Sadie has $85.00. Does she have enough to buy a tree frog and a pot-bellied pig?\nOptions:\n(A) yes\n(B) no\nFirst generate a step-by-step solution, then answer with the option\u2019s letter from the given choices directly."}, {"from": "assistant", "value": "Solution:\n1. The cost of a tree frog is $27.00.\n2. The cost of a pot-bellied pig is $64.00.\n3. Total cost = $27.00 + $64.00 = $91.00.\n4. Sadie has $85.00.\n5. $91.00 is greater than $85.00, so she does not have enough money.\nAnswer: B"}]}, {"image": "25046.png", "conversations": [{"from": "user", "value": "Look at Jake's pay stub. Jake lives in a state that has state income tax. How much payroll tax did Jake pay in total? (Unit: $)\nFirst generate a step-by-step solution, then answer the question using a single word or phrase."}, {"from": "assistant", "value": "Solution:\n1. Federal income tax: $71.41\n2. State income tax: $46.80\n3. Other taxes: $47.89\n4. Total taxes = $71.41 + $46.80 + $47.89 = $166.10\nAnswer: $166.10"}]}, {"image": "37287.png", "conversations": [{"from": "user", "value": "Look at Quincy's pay stub. Quincy lives in a state that has state income tax. How much did Quincy make after taxes? (Unit: $)\nFirst generate a step-by-step solution, then answer the question using a single word or phrase."}, {"from": "assistant", "value": "Solution:\n1. Calculate total taxes: \n   - Federal income tax: $264.00\n   - State income tax: $172.50\n   - Other taxes: $175.90\n   - Total taxes = $264.00 + $172.50 + $175.90 = $612.40\n2. Calculate pay after taxes:\n   - Total earnings: $2,300.00\n   - Pay after taxes = $2,300.00 - $612.40 = $1,687.60\nAnswer: $1,687.60"}]}, {"image": "8560.png", "conversations": [{"from": "user", "value": "Look at the following schedule. Which event begins at 11.05 A.M.?\nOptions:\n(A) coral reef demonstration\n(B) starfish demonstration\n(C) shark lecture\n(D) dolphin show\nFirst generate a step-by-step solution, then answer with the option\u2019s letter from the given choices directly."}, {"from": "assistant", "value": "Solution:\n1. Check the schedule for the event that begins at 11:05 A.M.\n2. The starfish demonstration begins at 11:05 A.M.\nAnswer: B"}]}, {"image": "19930.png", "conversations": [{"from": "user", "value": "This table shows information about two occupations. In which occupation would someone be more likely to have their work displayed in a museum?\nOptions:\n(A) fine-art painter\n(B) web developer\nFirst generate a step-by-step solution, then answer with the option\u2019s letter from the given choices directly."}, {"from": "assistant", "value": "Solution:\n1. The description for a fine-art painter mentions creating artworks for sale or display.\n2. Museums typically display artworks.\n3. The web developer description focuses on writing code for websites, not related to museum displays.\n4. Therefore, a fine-art painter is more likely to have work displayed in a museum.\nAnswer: A"}]}, {"image": "7403.png", "conversations": [{"from": "user", "value": "Look at the following schedule. How long does it take to get from Georgetown to Dover?\nOptions:\n(A) 5 hours and 15 minutes\n(B) 3 hours\n(C) 2 hours and 30 minutes\n(D) 5 hours\nFirst generate a step-by-step solution, then answer with the option\u2019s letter from the given choices directly."}, {"from": "assistant", "value": "Solution:\n1. The earliest train from Georgetown is at 6:45 A.M.\n2. The first train arriving at Dover is at 12:00 P.M.\n3. The time difference between 6:45 A.M. and 12:00 P.M. is 5 hours and 15 minutes.\nAnswer: A"}]}, {"image": "15958.png", "conversations": [{"from": "user", "value": "Some students compared how many pets they have. What is the mean of the numbers?\nFirst generate a step-by-step solution, then answer the question using a single word or phrase."}, {"from": "assistant", "value": "Solution:\n1. Add the numbers of pets: 2 + 9 + 7 + 5 + 2 = 25.\n2. Divide the total by the number of students: 25 / 5 = 5.\nAnswer: 5"}]}, {"image": "24451.png", "conversations": [{"from": "user", "value": "To get to know her students better, Ms. Williamson surveyed her math students to determine what hobbies and school subjects they prefer. What is the probability that a randomly selected student prefers math and enjoys poetry? Simplify any fractions.\nFirst generate a step-by-step solution, then answer the question using a single word or phrase."}, {"from": "assistant", "value": "Solution:\n1. Total number of students = 4 (Math & Poetry) + 1 (Math & Student Council) + 6 (Literature & Poetry) + 4 (Literature & Student Council) = 15.\n2. Number of students who prefer Math and enjoy Poetry = 4.\n3. Probability = Number of favorable outcomes / Total number of outcomes = 4/15.\n\nAnswer: 4/15"}]}, {"image": "2835.png", "conversations": [{"from": "user", "value": "For Earth Day, Rockport High's environmental club tracked the number of seeds planted by its members. How many members planted exactly 2 seeds?\nFirst generate a step-by-step solution, then answer the question using a single word or phrase."}, {"from": "assistant", "value": "Solution:\n1. Look at the frequency for 2 seeds planted.\n2. The frequency is 16.\nAnswer: 16"}]}, {"image": "14927.png", "conversations": [{"from": "user", "value": "The table shows a function. Is the function linear or nonlinear?\nOptions:\n(A) linear\n(B) nonlinear\nFirst generate a step-by-step solution, then answer with the option\u2019s letter from the given choices directly."}, {"from": "assistant", "value": "Solution:\n1. Calculate the differences in \\( x \\): 14 - 13 = 1, 15 - 14 = 1.\n2. Calculate the differences in \\( y \\): 3 - 0 = 3, 13 - 3 = 10.\n3. The change in \\( y \\) is not consistent for equal changes in \\( x \\).\n4. Since the rate of change is not constant, the function is nonlinear.\nAnswer: B"}]}, {"image": "19485.png", "conversations": [{"from": "user", "value": "The table shows a function. Is the function linear or nonlinear?\nOptions:\n(A) linear\n(B) nonlinear\nFirst generate a step-by-step solution, then answer with the option\u2019s letter from the given choices directly."}, {"from": "assistant", "value": "Solution:\n1. Calculate the differences in \\( x \\): 9 - 8 = 1, 10 - 9 = 1.\n2. Calculate the differences in \\( y \\): 12 - 20 = -8, 3 - 12 = -9.\n3. The change in \\( y \\) is not constant when \\( x \\) changes by the same amount, so the function is nonlinear.\nAnswer: B"}]}, {"image": "3170.png", "conversations": [{"from": "user", "value": "A personal trainer recorded how many laps each of his clients ran last week. How many clients ran exactly 2 laps?\nFirst generate a step-by-step solution, then answer the question using a single word or phrase."}, {"from": "assistant", "value": "Solution:\n1. Look at the frequency for 2 laps.\n2. The frequency is 12.\nAnswer: 12"}]}, {"image": "8607.png", "conversations": [{"from": "user", "value": "Sasha's class recorded how many cans of food each student collected for their canned food drive. Together, how many cans of food did Sasha and Mateo collect? (Unit: cans)\nFirst generate a step-by-step solution, then answer the question using a single word or phrase."}, {"from": "assistant", "value": "Solution:\n1. Sasha collected 502 cans.\n2. Mateo collected 230 cans.\n3. Together, they collected 502 + 230 = 732 cans.\nAnswer: 732"}]}, {"image": "5095.png", "conversations": [{"from": "user", "value": "Look at the following schedule. Which movie ends at 3.55 P.M.?\nOptions:\n(A) Scary Ghost Movie\n(B) The Wizard in the Cereal Box\n(C) Fido and Mittens are Best Pals\n(D) The Caped Hero Returns\nFirst generate a step-by-step solution, then answer with the option\u2019s letter from the given choices directly."}, {"from": "assistant", "value": "Solution:\n1. Look at the end times for each movie.\n2. \"The Wizard in the Cereal Box\" ends at 3:55 P.M.\nAnswer: B"}]}, {"image": "31808.png", "conversations": [{"from": "user", "value": "The table shows a function. Is the function linear or nonlinear?\nOptions:\n(A) linear\n(B) nonlinear\nFirst generate a step-by-step solution, then answer with the option\u2019s letter from the given choices directly."}, {"from": "assistant", "value": "Solution:\n1. Check the differences in the \\( x \\) values: 3 - 2 = 1 and 4 - 3 = 1.\n2. Check the differences in the \\( y \\) values: 4 - 3 = 1 and 5 - 4 = 1.\n3. The ratio of change in \\( y \\) to change in \\( x \\) is constant (1/1).\n4. Since the rate of change is constant, the function is linear.\nAnswer: A"}]}, {"image": "35742.png", "conversations": [{"from": "user", "value": "Look at the table. Then answer the question. At a price of $170, is there a shortage or a surplus?\nOptions:\n(A) shortage\n(B) surplus\nFirst generate a step-by-step solution, then answer with the option\u2019s letter from the given choices directly."}, {"from": "assistant", "value": "Solution:\n1. At a price of $170, the quantity demanded is 11,700.\n2. At a price of $170, the quantity supplied is 6,800.\n3. Since quantity demanded (11,700) is greater than quantity supplied (6,800), there is a shortage.\nAnswer: A"}]}, {"image": "26945.png", "conversations": [{"from": "user", "value": "Laura looked at her e-mail outbox to see how many e-mails she sent each day. What is the range of the numbers?\nFirst generate a step-by-step solution, then answer the question using a single word or phrase."}, {"from": "assistant", "value": "Solution:\n1. List the number of e-mails sent: 7, 11, 4, 4, 14, 4.\n2. Identify the smallest number: 4.\n3. Identify the largest number: 14.\n4. Calculate the range: 14 - 4 = 10.\nAnswer: 10"}]}, {"image": "11478.png", "conversations": [{"from": "user", "value": "Nellie's class tracked how many newspapers each student collected for their recycling project. What is the median of the numbers?\nFirst generate a step-by-step solution, then answer the question using a single word or phrase."}, {"from": "assistant", "value": "Solution:\n1. List the numbers in ascending order: 74, 83, 92, 93, 93.\n2. The third number is the median, which is 92.\nAnswer: 92"}]}, {"image": "33540.png", "conversations": [{"from": "user", "value": "Ryan counted the number of pieces of pepperoni on each pizza he made. How many pizzas had exactly 26 pieces of pepperoni? (Unit: pizzas)\nFirst generate a step-by-step solution, then answer the question using a single word or phrase."}, {"from": "assistant", "value": "Solution:\n1. Look at the stem \"2\" and find the leaves.\n2. The leaves are 6, 6, 6, 6.\n3. Count the number of 6s: there are 4.\nAnswer: 4"}]}, {"image": "37135.png", "conversations": [{"from": "user", "value": "For an assignment, Shannon looked at which countries got the most Nobel Prizes in various decades. In the 1960s, how many more Nobel Prize winners did France have than Russia? (Unit: Nobel Prize winners)\nFirst generate a step-by-step solution, then answer the question using a single word or phrase."}, {"from": "assistant", "value": "Solution:\n1. In the 1960s, France had 7 Nobel Prize winners.\n2. In the 1960s, Russia had 4 Nobel Prize winners.\n3. The difference is 7 - 4 = 3.\nAnswer: 3"}]}, {"image": "38251.png", "conversations": [{"from": "user", "value": "Rafi records the number of pairs of sandals owned by each of his classmates. How many students own fewer than 4 pairs of sandals?\nFirst generate a step-by-step solution, then answer the question using a single word or phrase."}, {"from": "assistant", "value": "Solution:\n1. Calculate the total frequency for 0, 1, 2, and 3 pairs of sandals.\n2. Frequency for 0 pairs: 1\n3. Frequency for 1 pair: 3\n4. Frequency for 2 pairs: 15\n5. Frequency for 3 pairs: 8\n6. Total frequency = 1 + 3 + 15 + 8 = 27\nAnswer: 27"}]}, {"image": "19358.png", "conversations": [{"from": "user", "value": "Charlotte has $96.00. Does she have enough to buy a bookcase and a wooden stool?\nOptions:\n(A) yes\n(B) no\nFirst generate a step-by-step solution, then answer with the option\u2019s letter from the given choices directly."}, {"from": "assistant", "value": "Solution:\n1. The price of the bookcase is $69.00.\n2. The price of the wooden stool is $32.00.\n3. Total cost is $69.00 + $32.00 = $101.00.\n4. Charlotte has $96.00.\n5. Since $101.00 > $96.00, she does not have enough money.\n\nAnswer: B"}]}, {"image": "5643.png", "conversations": [{"from": "user", "value": "The town council reported on how many stop signs there are on each street. What is the mode of the numbers?\nFirst generate a step-by-step solution, then answer the question using a single word or phrase."}, {"from": "assistant", "value": "Solution:\n1. List the numbers of stop signs: 1, 4, 5, 1, 4, 2, 4, 2.\n2. Count the frequency of each number:\n   - 1 appears 2 times\n   - 4 appears 3 times\n   - 5 appears 1 time\n   - 2 appears 2 times\n3. The mode is the number that appears most frequently, which is 4.\nAnswer: 4"}]}, {"image": "22127.png", "conversations": [{"from": "user", "value": "This morning, Mr. Spencer released the scores from last week's spelling test. How many students scored at least 15 points but fewer than 56 points? (Unit: students)\nFirst generate a step-by-step solution, then answer the question using a single word or phrase."}, {"from": "assistant", "value": "Solution:\n1. Identify scores at least 15 but fewer than 56.\n2. Relevant stems: 1, 2, 3, 4, and 5.\n3. Scores: 16, 18, 21, 22, 23, 31, 32, 38, 45, 49, 53, 54, 55.\n4. Count the scores: 13 students.\nAnswer: 13"}]}, {"image": "17527.png", "conversations": [{"from": "user", "value": "Look at Susana's pay stub. Susana lives in a state without state income tax. How much payroll tax did Susana pay in total? (Unit: $)\nFirst generate a step-by-step solution, then answer the question using a single word or phrase."}, {"from": "assistant", "value": "Solution:\n1. Federal income tax is $85.14.\n2. Other taxes are $59.30.\n3. Total taxes paid = Federal income tax + Other taxes = $85.14 + $59.30 = $144.44.\nAnswer: 144.44"}]}, {"image": "1429.png", "conversations": [{"from": "user", "value": "Antonio purchased 2 pounds of soybean oil, 2 pounds of vegetable oil, and 2 pounds of sunflower seed oil. What was the total cost? (Unit: $)\nFirst generate a step-by-step solution, then answer the question using a single word or phrase."}, {"from": "assistant", "value": "Solution:\n1. Soybean oil costs $4.14 per lb. For 2 pounds: 2 x $4.14 = $8.28.\n2. Vegetable oil costs $5.88 per lb. For 2 pounds: 2 x $5.88 = $11.76.\n3. Sunflower seed oil costs $4.86 per lb. For 2 pounds: 2 x $4.86 = $9.72.\n4. Total cost: $8.28 + $11.76 + $9.72 = $29.76.\nAnswer: $29.76"}]}, {"image": "17246.png", "conversations": [{"from": "user", "value": "Whitney has $16,121. Does she have enough to buy a big blue van and a yellow convertible?\nOptions:\n(A) yes\n(B) no\nFirst generate a step-by-step solution, then answer with the option\u2019s letter from the given choices directly."}, {"from": "assistant", "value": "Solution:\n1. The cost of the big blue van is $9,088.\n2. The cost of the yellow convertible is $7,658.\n3. Total cost to buy both is $9,088 + $7,658 = $16,746.\n4. Whitney has $16,121.\n5. Since $16,746 > $16,121, she does not have enough money.\n\nAnswer: B"}]}, {"image": "28135.png", "conversations": [{"from": "user", "value": "Look at Maya's pay stub. Maya lives in a state without state income tax. How much payroll tax did Maya pay in total? (Unit: $)\nFirst generate a step-by-step solution, then answer the question using a single word or phrase."}, {"from": "assistant", "value": "Solution:\n1. Federal income tax: $65.20\n2. Other taxes: $43.91\n3. Total taxes = Federal income tax + Other taxes = $65.20 + $43.91 = $109.11\nAnswer: $109.11"}]}, {"image": "36421.png", "conversations": [{"from": "user", "value": "Mrs. Humphrey hosts an annual art contest for kids, and she keeps a record of the number of entries each year. According to the table, what was the rate of change between 2009 and 2010? (Unit: entries per year)\nFirst generate a step-by-step solution, then answer the question using a single word or phrase."}, {"from": "assistant", "value": "Solution:\n1. Number of entries in 2009: 41\n2. Number of entries in 2010: 40\n3. Rate of change = 40 - 41 = -1 entries per year\nAnswer: -1"}]}, {"image": "30350.png", "conversations": [{"from": "user", "value": "A pet store owner had his staff count the number of fish in each tank. How many tanks have exactly 32 fish? (Unit: tanks)\nFirst generate a step-by-step solution, then answer the question using a single word or phrase."}, {"from": "assistant", "value": "Solution:\n1. The stem \"3\" represents the tens digit, and the leaf \"3\" represents the units digit, forming the number 33.\n2. The stem \"3\" and leaf \"7\" form the number 37.\n3. The stem \"4\" and leaf \"2\" form the number 42.\n4. The stem \"4\" and leaf \"2\" again form the number 42.\n5. The stem \"5\" and leaf \"5\" form the number 55.\n6. The stem \"5\" and leaf \"8\" form the number 58.\n7. The stem \"5\" and leaf \"8\" again form the number 58.\n8. The stem \"6\" and leaf \"1\" form the number 61.\n9. The stem \"6\" and leaf \"2\" form the number 62.\n10. The stem \"6\" and leaf \"6\" form the number 66.\n11. The stem \"6\" and leaf \"7\" form the number 67.\n12. The stem \"7\" and leaf \"0\" form the number 70.\n13. The stem \"7\" and leaf \"6\" form the number 76.\n14. There are no tanks with 32 fish.\nAnswer: 0"}]}, {"image": "15668.png", "conversations": [{"from": "user", "value": "In science class, Polly is measuring the temperature of different chemical mixtures. The temperatures of two mixtures are shown in the table. Which mixture's temperature is closest to zero?\nOptions:\n(A) bromine mixture\n(B) acetone mixture\nFirst generate a step-by-step solution, then answer with the option\u2019s letter from the given choices directly."}, {"from": "assistant", "value": "Solution:\n1. The temperature of the bromine mixture is \\(-4\u00b0C\\).\n2. The temperature of the acetone mixture is \\(5\u00b0C\\).\n3. The absolute value of \\(-4\u00b0C\\) is \\(4\\).\n4. The absolute value of \\(5\u00b0C\\) is \\(5\\).\n5. The bromine mixture (\\(-4\u00b0C\\)) is closer to zero than the acetone mixture.\nAnswer: A"}]}, {"image": "38348.png", "conversations": [{"from": "user", "value": "Jonah kept track of how many boxes of cookies he sold over the past 5 days. What is the mode of the numbers?\nFirst generate a step-by-step solution, then answer the question using a single word or phrase."}, {"from": "assistant", "value": "Solution:\n1. List the numbers: 4, 4, 4, 5, 5.\n2. Count the frequency of each number: 4 appears 3 times, 5 appears 2 times.\n3. The number with the highest frequency is 4.\nAnswer: 4"}]}, {"image": "28962.png", "conversations": [{"from": "user", "value": "Levi's class recorded how many cans of food each student collected for their canned food drive. What is the range of the numbers?\nFirst generate a step-by-step solution, then answer the question using a single word or phrase."}, {"from": "assistant", "value": "Solution:\n1. List the numbers: 10, 7, 10, 10, 7.\n2. Identify the maximum number: 10.\n3. Identify the minimum number: 7.\n4. Calculate the range: 10 - 7 = 3.\nAnswer: 3"}]}, {"image": "26036.png", "conversations": [{"from": "user", "value": "A girl compared the ages of her cousins. Which cousin is the youngest?\nOptions:\n(A) Mabel\n(B) Gabriel\n(C) Lamar\n(D) Akira\nFirst generate a step-by-step solution, then answer with the option\u2019s letter from the given choices directly."}, {"from": "assistant", "value": "Solution:\n1. List the ages: Mabel (12), Gabriel (19), Lamar (13), Akira (10).\n2. Identify the smallest age, which is 10.\n3. Akira is the cousin with the age of 10.\nAnswer: D"}]}, {"image": "29228.png", "conversations": [{"from": "user", "value": "The train conductor made sure to count the number of passengers on each train. What is the largest number of passengers? (Unit: passengers)\nFirst generate a step-by-step solution, then answer the question using a single word or phrase."}, {"from": "assistant", "value": "Solution:\n1. Read the stem-and-leaf plot: \n   - 40, 41, 44, 45\n   - 50\n   - 65, 68, 69\n   - 72\n   - 80, 81, 85\n2. The largest number is 85.\nAnswer: 85"}]}, {"image": "1954.png", "conversations": [{"from": "user", "value": "A tire factory manager monitored the number of tires made each month. How many more tires did the factory make in May than in June? (Unit: tires)\nFirst generate a step-by-step solution, then answer the question using a single word or phrase."}, {"from": "assistant", "value": "Solution:\n1. Tires made in May: 6,633.\n2. Tires made in June: 2,399.\n3. Difference: 6,633 - 2,399 = 4,234.\nAnswer: 4,234"}]}, {"image": "31631.png", "conversations": [{"from": "user", "value": "What is the total cost for 3.5 pounds of yogurt-covered peanuts? (Unit: $)\nFirst generate a step-by-step solution, then answer the question using a single word or phrase."}, {"from": "assistant", "value": "Solution:\n1. The cost of yogurt-covered peanuts is $4 per pound.\n2. Multiply 3.5 pounds by $4 per pound: 3.5 \u00d7 4 = 14.\nAnswer: 14"}]}, {"image": "8401.png", "conversations": [{"from": "user", "value": "To figure out how many vacation days she had left to use, Lauren looked over her old calendars to figure out how many days of vacation she had taken each year. According to the table, what was the rate of change between 2017 and 2018? (Unit: vacation days per year)\nFirst generate a step-by-step solution, then answer the question using a single word or phrase."}, {"from": "assistant", "value": "Solution:\n1. Vacation days in 2017: 14 days.\n2. Vacation days in 2018: 15 days.\n3. Rate of change = 15 - 14 = 1 vacation day per year.\nAnswer: 1"}]}, {"image": "37069.png", "conversations": [{"from": "user", "value": "A Technical Assistance Manager monitored his customers' wait times. What is the longest wait time? (Unit: minutes)\nFirst generate a step-by-step solution, then answer the question using a single word or phrase."}, {"from": "assistant", "value": "Solution:\n1. Identify the largest stem, which is 8.\n2. Identify the largest leaf in the 8 stem, which is 9.\n3. Combine the stem and leaf to form the number 89.\nAnswer: 89"}]}, {"image": "2604.png", "conversations": [{"from": "user", "value": "Mrs. Johnson, the biology teacher, asked her students how many times they went to the science museum last year. How many students went to the science museum exactly 6 times last year?\nFirst generate a step-by-step solution, then answer the question using a single word or phrase."}, {"from": "assistant", "value": "Solution:\n1. Look at the frequency for 6 trips.\n2. The frequency for 6 trips is 7.\nAnswer: 7"}]}, {"image": "2779.png", "conversations": [{"from": "user", "value": "How much money does Zane need to buy a picnic table and a lawn chair? (Unit: $)\nFirst generate a step-by-step solution, then answer the question using a single word or phrase."}, {"from": "assistant", "value": "Solution:\n1. The price of the picnic table is $71.08.\n2. The price of the lawn chair is $22.71.\n3. Total cost is $71.08 + $22.71 = $93.79.\nAnswer: $93.79"}]}, {"image": "19178.png", "conversations": [{"from": "user", "value": "The members of the cycling club compared how many miles they biked last week. What is the range of the numbers?\nFirst generate a step-by-step solution, then answer the question using a single word or phrase."}, {"from": "assistant", "value": "Solution:\n1. List the miles: 28, 12, 34, 20, 25, 27.\n2. Identify the maximum value: 34.\n3. Identify the minimum value: 12.\n4. Calculate the range: 34 - 12 = 22.\nAnswer: 22"}]}, {"image": "21405.png", "conversations": [{"from": "user", "value": "In trying to calculate how much money could be saved by packing lunch, Kenny recorded the amount he spent on lunch each day. According to the table, what was the rate of change between Thursday and Friday? (Unit: $, per day)\nFirst generate a step-by-step solution, then answer the question using a single word or phrase."}, {"from": "assistant", "value": "Solution:\n1. Amount spent on Thursday: $1.\n2. Amount spent on Friday: $10.\n3. Rate of change = Friday's amount - Thursday's amount = $10 - $1 = $9.\nAnswer: $9"}]}, {"image": "2147.png", "conversations": [{"from": "user", "value": "The elementary school art teacher wrote down how many flower pots each child painted last week. How many children painted more than 2 flower pots?\nFirst generate a step-by-step solution, then answer the question using a single word or phrase."}, {"from": "assistant", "value": "Solution:\n1. Identify the number of children who painted more than 2 flower pots:\n   - 3 flower pots: 19 children\n   - 4 flower pots: 3 children\n2. Add the frequencies: 19 + 3 = 22 children.\nAnswer: 22"}]}, {"image": "21254.png", "conversations": [{"from": "user", "value": "Duncan has $9,212.00. Does he have enough to buy an Arabian horse and a Morgan horse?\nOptions:\n(A) yes\n(B) no\nFirst generate a step-by-step solution, then answer with the option\u2019s letter from the given choices directly."}, {"from": "assistant", "value": "Solution:\n1. The cost of an Arabian horse is $6,466.00.\n2. The cost of a Morgan horse is $2,576.00.\n3. Total cost for both horses: $6,466.00 + $2,576.00 = $9,042.00.\n4. Duncan has $9,212.00.\n5. Since $9,212.00 is greater than $9,042.00, Duncan has enough money.\n\nAnswer: A"}]}, {"image": "23820.png", "conversations": [{"from": "user", "value": "A Technical Assistance Manager monitored his customers' wait times. What is the longest wait time? (Unit: minutes)\nFirst generate a step-by-step solution, then answer the question using a single word or phrase."}, {"from": "assistant", "value": "Solution:\n1. Read the stem and leaf plot:\n   - Stem 1: 11\n   - Stem 2: 26\n   - Stem 3: 30, 33, 39\n   - Stem 4: 42\n   - Stem 5: 59\n   - Stem 6: 68\n   - Stem 7: 71, 74\n2. Identify the largest number: 74\nAnswer: 74"}]}, {"image": "14194.png", "conversations": [{"from": "user", "value": "Alec wants to buy 1 kilogram of trout. How much will he spend? (Unit: $)\nFirst generate a step-by-step solution, then answer the question using a single word or phrase."}, {"from": "assistant", "value": "Solution:\n1. The price of trout is $4 per kilogram.\n2. Alec wants to buy 1 kilogram.\n3. Therefore, he will spend $4.\nAnswer: 4"}]}, {"image": "22891.png", "conversations": [{"from": "user", "value": "An economist tracked the amount of per-capita aid sent from the U.S. to various countries during the 1900s. In 1985, how much more aid per capita did Pakistan receive than Afghanistan? (Unit: $)\nFirst generate a step-by-step solution, then answer the question using a single word or phrase."}, {"from": "assistant", "value": "Solution:\n1. In 1985, Pakistan received $8 per capita.\n2. In 1985, Afghanistan received $1 per capita.\n3. The difference is $8 - $1 = $7.\nAnswer: 7"}]}, {"image": "20494.png", "conversations": [{"from": "user", "value": "Olivia decided to record the temperature every morning when she woke up. How many temperature readings were exactly 27\u00b0C? (Unit: temperature readings)\nFirst generate a step-by-step solution, then answer the question using a single word or phrase."}, {"from": "assistant", "value": "Solution:\n1. The stem-and-leaf plot shows the numbers 27, 27, 27, and 27 under the stem \"2\" and leaf \"7.\"\n2. Count the number of times 27 appears: 4 times.\nAnswer: 4"}]}, {"image": "3068.png", "conversations": [{"from": "user", "value": "Look at the table. Then answer the question. At a price of $910, is there a shortage or a surplus?\nOptions:\n(A) shortage\n(B) surplus\nFirst generate a step-by-step solution, then answer with the option\u2019s letter from the given choices directly."}, {"from": "assistant", "value": "Solution:\n1. At $910, the quantity demanded is 5,100.\n2. At $910, the quantity supplied is 11,500.\n3. Since the quantity supplied (11,500) is greater than the quantity demanded (5,100), there is a surplus.\nAnswer: B"}]}, {"image": "16539.png", "conversations": [{"from": "user", "value": "Some students compared how many pets they have. What is the median of the numbers?\nFirst generate a step-by-step solution, then answer the question using a single word or phrase."}, {"from": "assistant", "value": "Solution:\n1. List the numbers in ascending order: 2, 2, 4, 5, 10.\n2. The third number is the median, which is 4.\nAnswer: 4"}]}, {"image": "10069.png", "conversations": [{"from": "user", "value": "A biologist recorded the number of birds at lakes in Hampton. Which lake has the fewest birds?\nOptions:\n(A) Round Lake\n(B) Mirror Lake\n(C) Blue Lake\n(D) Long Lake\nFirst generate a step-by-step solution, then answer with the option\u2019s letter from the given choices directly."}, {"from": "assistant", "value": "Solution:\n1. Calculate the total number of birds at each lake:\n   - Long Lake: 5 geese + 9 swans = 14 birds\n   - Mirror Lake: 11 geese + 19 swans = 30 birds\n   - Round Lake: 16 geese + 4 swans = 20 birds\n   - Blue Lake: 16 geese + 15 swans = 31 birds\n2. Compare totals: Long Lake has the fewest birds with 14.\nAnswer: D"}]}, {"image": "1352.png", "conversations": [{"from": "user", "value": "Look at this table. Is this relation a function?\nOptions:\n(A) yes\n(B) no\nFirst generate a step-by-step solution, then answer with the option\u2019s letter from the given choices directly."}, {"from": "assistant", "value": "Solution:\n1. A relation is a function if each input \\( x \\) has exactly one output \\( y \\).\n2. Check the \\( x \\)-values: 4, 7, 4.\n3. The \\( x \\)-value 4 corresponds to two different \\( y \\)-values: 14 and 7.\n4. Therefore, the relation is not a function because the same \\( x \\)-value maps to different \\( y \\)-values.\nAnswer: B"}]}, {"image": "35053.png", "conversations": [{"from": "user", "value": "Hanson kept track of the number of games his soccer team won each year. According to the table, what was the rate of change between 2012 and 2013? (Unit: games per year)\nFirst generate a step-by-step solution, then answer the question using a single word or phrase."}, {"from": "assistant", "value": "Solution:\n1. Games won in 2012: 38\n2. Games won in 2013: 37\n3. Rate of change = 37 - 38 = -1 games per year\nAnswer: -1"}]}, {"image": "30318.png", "conversations": [{"from": "user", "value": "An environmental agency examined how many trees were planted by different organizations. Which organization planted the fewest trees?\nOptions:\n(A) More Trees\n(B) Trees for All\n(C) Heal the Earth\n(D) New Planet\nFirst generate a step-by-step solution, then answer with the option\u2019s letter from the given choices directly."}, {"from": "assistant", "value": "Solution:\n1. The number of trees planted by each organization is:\n   - More Trees: 693\n   - Trees for All: 668\n   - Heal the Earth: 639\n   - New Planet: 696\n2. The fewest trees planted is 639 by Heal the Earth.\nAnswer: C"}]}, {"image": "35589.png", "conversations": [{"from": "user", "value": "If Monica buys 4 pounds of linen scrap, 1 pound of card stock scrap, and 5 pounds of vellum scrap, how much will she spend? (Unit: $)\nFirst generate a step-by-step solution, then answer the question using a single word or phrase."}, {"from": "assistant", "value": "Solution:\n1. Linen scrap costs $1.33 per pound. For 4 pounds: 4 \u00d7 $1.33 = $5.32.\n2. Card stock scrap costs $1.99 per pound. For 1 pound: 1 \u00d7 $1.99 = $1.99.\n3. Vellum scrap costs $1.51 per pound. For 5 pounds: 5 \u00d7 $1.51 = $7.55.\n4. Total cost: $5.32 + $1.99 + $7.55 = $14.86.\nAnswer: $14.86"}]}, {"image": "3061.png", "conversations": [{"from": "user", "value": "A grocery store monitored how many paper bags it used each day. How many paper bags did the store use in total on Saturday and Monday? (Unit: paper bags)\nFirst generate a step-by-step solution, then answer the question using a single word or phrase."}, {"from": "assistant", "value": "Solution:\n1. Saturday had 1,555 paper bags used.\n2. Monday had 1,956 paper bags used.\n3. Therefore, in total there were 1,555 + 1,956 = 3,511 paper bags used.\nAnswer: 3,511"}]}, {"image": "14445.png", "conversations": [{"from": "user", "value": "Look at the following schedule. Which movie ends at 12.10 P.M.? Music Band. True Story of the Musicians\nOptions:\n(A) Music Band: True Story of the Musicians\n(B) The Lonely Innkeeper of the West\n(C) Scary Ghost Movie\n(D) 20 Wheels and a Monster Truck\nFirst generate a step-by-step solution, then answer with the option\u2019s letter from the given choices directly."}, {"from": "assistant", "value": "Solution:\n1. Check the end times for each movie.\n2. The Lonely Innkeeper of the West ends at 12:10 P.M.\nAnswer: B"}]}, {"image": "6008.png", "conversations": [{"from": "user", "value": "The art museum kept records about how many visitors it had in the past 3 months. How many visitors in total did the museum have in February and March? (Unit: visitors)\nFirst generate a step-by-step solution, then answer the question using a single word or phrase."}, {"from": "assistant", "value": "Solution:\n1. February had 3,197 visitors.\n2. March had 3,391 visitors.\n3. Therefore, in total there were 3,197 + 3,391 = 6,588 visitors.\nAnswer: 6,588"}]}, {"image": "5050.png", "conversations": [{"from": "user", "value": "A theme park developer recorded the number of people who visited the local water park last summer. How many people went to the water park exactly once last summer?\nFirst generate a step-by-step solution, then answer the question using a single word or phrase."}, {"from": "assistant", "value": "Solution:\n1. Look at the frequency for 1 trip.\n2. The frequency is 17.\n3. Therefore, 17 people went to the water park exactly once.\nAnswer: 17"}]}, {"image": "33810.png", "conversations": [{"from": "user", "value": "Each fish bowl has 2 yellow fish. How many yellow fish are in 4 fish bowls?\nFirst generate a step-by-step solution, then answer the question using a single word or phrase."}, {"from": "assistant", "value": "Solution:\n1. Each fish bowl has 2 yellow fish.\n2. For 4 fish bowls, multiply the number of bowls by the number of fish per bowl: 4 \u00d7 2 = 8.\nAnswer: 8"}]}, {"image": "15983.png", "conversations": [{"from": "user", "value": "A mail carrier counted how many pieces of mail he delivered each day. On which day did the mail carrier deliver the fewest pieces of mail?\nOptions:\n(A) Monday\n(B) Tuesday\n(C) Wednesday\n(D) Thursday\nFirst generate a step-by-step solution, then answer with the option\u2019s letter from the given choices directly."}, {"from": "assistant", "value": "Solution:\n1. Monday: 131 pieces\n2. Tuesday: 137 pieces\n3. Wednesday: 173 pieces\n4. Thursday: 117 pieces\n5. The fewest pieces were delivered on Thursday with 117 pieces.\nAnswer: D"}]}, {"image": "5143.png", "conversations": [{"from": "user", "value": "A machine at the candy factory dispensed different numbers of lemon-flavored candies into various bags. How many bags had fewer than 70 lemon-flavored candies? (Unit: bags)\nFirst generate a step-by-step solution, then answer the question using a single word or phrase."}, {"from": "assistant", "value": "Solution:\n1. The numbers represented are: 62, 67, 69, 69, 71, 74, 80, 82, 83, 85, 89, 90, 90.\n2. Count the numbers fewer than 70: 62, 67, 69, 69.\n3. There are 4 numbers.\nAnswer: 4"}]}, {"image": "1379.png", "conversations": [{"from": "user", "value": "Some candy companies compared how many pieces of candy they have produced. Which company has produced the least candy?\nOptions:\n(A) Candy Incorporated\n(B) Sweet Things\n(C) Goodman Candies\n(D) Tasty Treats\nFirst generate a step-by-step solution, then answer with the option\u2019s letter from the given choices directly."}, {"from": "assistant", "value": "Solution:\n1. List the number of pieces of candy for each company:\n   - Candy Incorporated: 225\n   - Sweet Things: 272\n   - Goodman Candies: 275\n   - Tasty Treats: 257\n2. Identify the smallest number: 225.\n3. The company with 225 pieces is Candy Incorporated.\nAnswer: A"}]}, {"image": "26057.png", "conversations": [{"from": "user", "value": "Kathleen wants to buy 3+3/5 pounds of heart-shaped beads. How much will she spend? (Unit: $)\nFirst generate a step-by-step solution, then answer the question using a single word or phrase."}, {"from": "assistant", "value": "Solution:\n1. Heart-shaped beads cost $5 per pound.\n2. Kathleen wants to buy \\(3 + \\frac{3}{5}\\) pounds, which is \\(3.6\\) pounds.\n3. Multiply the cost per pound by the number of pounds: \\(5 \\times 3.6 = 18\\).\nAnswer: 18"}]}, {"image": "20498.png", "conversations": [{"from": "user", "value": "Curious about people's recycling behaviors, Latrell put on some gloves and sifted through some recycling and trash bins. He kept count of the plastic type of each bottle and which bottles are properly dispensed. What is the probability that a randomly selected bottle is correctly placed and is made of plastic #4? Simplify any fractions.\nFirst generate a step-by-step solution, then answer the question using a single word or phrase."}, {"from": "assistant", "value": "Solution:\n1. Total number of bottles correctly placed as plastic #4 is 4.\n2. Total bottles (correctly and incorrectly placed) for plastic #2 and #4: 4 + 3 + 4 + 3 = 14.\n3. Probability = (Number of correctly placed plastic #4) / (Total number of bottles) = 4/14.\n4. Simplify the fraction: 4/14 = 2/7.\nAnswer: 2/7"}]}, {"image": "6185.png", "conversations": [{"from": "user", "value": "A balloon artist counted the number of balloon animal requests he received at a party. The balloon requests differed in animal type and color. What is the probability that a randomly selected balloon animal is shaped like a dog and is green? Simplify any fractions.\nFirst generate a step-by-step solution, then answer the question using a single word or phrase."}, {"from": "assistant", "value": "Solution:\n1. Total requests for giraffes: 4 (purple) + 3 (green) = 7.\n2. Total requests for dogs: 1 (purple) + 3 (green) = 4.\n3. Total number of requests: 7 (giraffes) + 4 (dogs) = 11.\n4. Requests for green dogs: 3.\n5. Probability = (Number of green dog requests) / (Total requests) = 3/11.\nAnswer: 3/11"}]}, {"image": "14080.png", "conversations": [{"from": "user", "value": "Manuel went on a bird watching trip and jotted down the number of birds he saw each day. What is the range of the numbers?\nFirst generate a step-by-step solution, then answer the question using a single word or phrase."}, {"from": "assistant", "value": "Solution:\n1. List the numbers of birds: 3, 6, 4, 3, 5, 2, 3.\n2. Identify the smallest number: 2.\n3. Identify the largest number: 6.\n4. Calculate the range: 6 - 2 = 4.\nAnswer: 4"}]}, {"image": "35766.png", "conversations": [{"from": "user", "value": "Each town has 2 libraries. How many libraries are in 4 towns?\nFirst generate a step-by-step solution, then answer the question using a single word or phrase."}, {"from": "assistant", "value": "Solution:\n1. Each town has 2 libraries.\n2. For 4 towns: 4 towns \u00d7 2 libraries per town = 8 libraries.\nAnswer: 8"}]}, {"image": "21379.png", "conversations": [{"from": "user", "value": "How much money does Gabrielle need to buy 5 apple tarts and 3 pecan pies? (Unit: $)\nFirst generate a step-by-step solution, then answer the question using a single word or phrase."}, {"from": "assistant", "value": "Solution:\n1. Cost of one apple tart is $19.\n2. Cost of one pecan pie is $14.\n3. Cost of 5 apple tarts: 5 \u00d7 $19 = $95.\n4. Cost of 3 pecan pies: 3 \u00d7 $14 = $42.\n5. Total cost: $95 + $42 = $137.\nAnswer: $137"}]}, {"image": "28677.png", "conversations": [{"from": "user", "value": "An Idaho farmer has been monitoring crop prices over time. In 2004, which crop cost the most per cwt?\nOptions:\n(A) canola\n(B) onions\n(C) apples\n(D) peas\nFirst generate a step-by-step solution, then answer with the option\u2019s letter from the given choices directly."}, {"from": "assistant", "value": "Solution:\n1. In 2004, the prices per cwt are:\n   - Onions: $7\n   - Apples: $12\n   - Peas: $7\n   - Canola: $11\n2. The highest price is $12 for apples.\nAnswer: C"}]}, {"image": "14376.png", "conversations": [{"from": "user", "value": "A garden supply store kept track of how many lawn mowers it sold in the past 4 days. On which day did the store sell the most lawn mowers?\nOptions:\n(A) Thursday\n(B) Friday\n(C) Saturday\n(D) Sunday\nFirst generate a step-by-step solution, then answer with the option\u2019s letter from the given choices directly."}, {"from": "assistant", "value": "Solution:\n1. Thursday: 17 lawn mowers\n2. Friday: 15 lawn mowers\n3. Saturday: 10 lawn mowers\n4. Sunday: 18 lawn mowers\n5. The highest number is 18 on Sunday.\n\nAnswer: D"}]}, {"image": "19737.png", "conversations": [{"from": "user", "value": "For an assignment, Gina looked at which countries got the most Nobel Prizes in various decades. How many more Nobel Prize winners did Russia have in the 1970s than in the 1980s? (Unit: Nobel Prize winners)\nFirst generate a step-by-step solution, then answer the question using a single word or phrase."}, {"from": "assistant", "value": "Solution:\n1. Russia had 5 Nobel Prize winners in the 1970s.\n2. Russia had 1 Nobel Prize winner in the 1980s.\n3. The difference is 5 - 1 = 4.\nAnswer: 4"}]}, {"image": "5755.png", "conversations": [{"from": "user", "value": "The town council reported on how many stop signs there are on each street. What is the mode of the numbers?\nFirst generate a step-by-step solution, then answer the question using a single word or phrase."}, {"from": "assistant", "value": "Solution:\n1. List the numbers of stop signs: 1, 9, 1, 1, 9, 8, 8, 1.\n2. Count the frequency of each number:\n   - 1 appears 4 times\n   - 9 appears 2 times\n   - 8 appears 2 times\n3. The mode is the number that appears most frequently, which is 1.\nAnswer: 1"}]}, {"image": "18977.png", "conversations": [{"from": "user", "value": "A business analyst compared purchases of different types of cereal. Which cereal had the fewest boxes purchased?\nOptions:\n(A) Krispee Bites\n(B) Almond Crisp Crunch\n(C) Caramel Deelish\n(D) Whole Wheat Goodness\nFirst generate a step-by-step solution, then answer with the option\u2019s letter from the given choices directly."}, {"from": "assistant", "value": "Solution:\n1. Krispee Bites: 551 boxes\n2. Almond Crisp Crunch: 595 boxes\n3. Caramel Deelish: 593 boxes\n4. Whole Wheat Goodness: 532 boxes\n5. The cereal with the fewest boxes purchased is Whole Wheat Goodness with 532 boxes.\n\nAnswer: D"}]}, {"image": "20922.png", "conversations": [{"from": "user", "value": "Oscar looked over his calendar to see how many times he had soccer practice each month. What is the range of the numbers?\nFirst generate a step-by-step solution, then answer the question using a single word or phrase."}, {"from": "assistant", "value": "Solution:\n1. List the number of practices: 18, 15, 17, 14, 18, 13, 18.\n2. Identify the maximum value: 18.\n3. Identify the minimum value: 13.\n4. Calculate the range: 18 - 13 = 5.\nAnswer: 5"}]}, {"image": "33480.png", "conversations": [{"from": "user", "value": "How much money does Olivia need to buy a white spindle shell and a beautiful yellow shell? (Unit: $)\nFirst generate a step-by-step solution, then answer the question using a single word or phrase."}, {"from": "assistant", "value": "Solution:\n1. The cost of a white spindle shell is $0.06.\n2. The cost of a beautiful yellow shell is $0.09.\n3. Total cost = $0.06 + $0.09 = $0.15.\nAnswer: $0.15"}]}, {"image": "37702.png", "conversations": [{"from": "user", "value": "How much more does a full-page newspaper ad cost than a magazine ad? (Unit: $)\nFirst generate a step-by-step solution, then answer the question using a single word or phrase."}, {"from": "assistant", "value": "Solution:\n1. Cost of a full-page newspaper ad: $5,103.00\n2. Cost of a magazine ad: $2,555.00\n3. Difference: $5,103.00 - $2,555.00 = $2,548.00\nAnswer: 2,548.00"}]}, {"image": "37217.png", "conversations": [{"from": "user", "value": "For an economics project, Darnell determined the cost of ferry rides for bicycles and cars. Which charges less for a bicycle, the Southport-Fort Fisher ferry or the Seattle-Bremerton ferry?\nOptions:\n(A) Southport-Fort Fisher\n(B) Seattle-Bremerton\nFirst generate a step-by-step solution, then answer with the option\u2019s letter from the given choices directly."}, {"from": "assistant", "value": "Solution:\n1. The fare for a bicycle on the Southport-Fort Fisher ferry is $2.\n2. The fare for a bicycle on the Seattle-Bremerton ferry is $8.\n3. Compare the two fares: $2 is less than $8.\nAnswer: A"}]}, {"image": "15812.png", "conversations": [{"from": "user", "value": "The parks department compared how many basketball hoops there are at each park. What is the range of the numbers?\nFirst generate a step-by-step solution, then answer the question using a single word or phrase."}, {"from": "assistant", "value": "Solution:\n1. List the number of hoops: 5, 2, 9, 4, 4, 4, 1, 2.\n2. Identify the maximum number: 9.\n3. Identify the minimum number: 1.\n4. Calculate the range: 9 - 1 = 8.\nAnswer: 8"}]}, {"image": "19524.png", "conversations": [{"from": "user", "value": "Albert has $33.00. Does he have enough to buy a broom and a rake?\nOptions:\n(A) yes\n(B) no\nFirst generate a step-by-step solution, then answer with the option\u2019s letter from the given choices directly."}, {"from": "assistant", "value": "Solution:\n1. The cost of a broom is $15.00.\n2. The cost of a rake is $17.00.\n3. Total cost for both items is $15.00 + $17.00 = $32.00.\n4. Albert has $33.00, which is more than $32.00.\nAnswer: A"}]}, {"image": "8408.png", "conversations": [{"from": "user", "value": "Look at this table. Is this relation a function?\nOptions:\n(A) yes\n(B) no\nFirst generate a step-by-step solution, then answer with the option\u2019s letter from the given choices directly."}, {"from": "assistant", "value": "Solution:\n1. A relation is a function if each input \\( x \\) has exactly one output \\( y \\).\n2. Check each \\( x \\) value:\n   - \\( x = 12 \\) maps to \\( y = 6 \\).\n   - \\( x = 19 \\) maps to \\( y = 17 \\).\n   - \\( x = 13 \\) maps to \\( y = 12 \\).\n   - \\( x = 6 \\) maps to \\( y = 7 \\).\n3. Each \\( x \\) value is unique and maps to only one \\( y \\) value.\nAnswer: A"}]}, {"image": "2562.png", "conversations": [{"from": "user", "value": "How much more does a telescope cost than a precision balance? (Unit: $)\nFirst generate a step-by-step solution, then answer the question using a single word or phrase."}, {"from": "assistant", "value": "Solution:\n1. Cost of the telescope: $6,649.00\n2. Cost of the precision balance: $3,518.00\n3. Difference: $6,649.00 - $3,518.00 = $3,131.00\nAnswer: $3,131.00"}]}, {"image": "16248.png", "conversations": [{"from": "user", "value": "How much more does a strawberry milkshake cost than a muffin? (Unit: $)\nFirst generate a step-by-step solution, then answer the question using a single word or phrase."}, {"from": "assistant", "value": "Solution:\n1. The cost of a strawberry milkshake is $1.94.\n2. The cost of a muffin is $1.92.\n3. The difference is $1.94 - $1.92 = $0.02.\nAnswer: $0.02"}]}, {"image": "621.png", "conversations": [{"from": "user", "value": "Simon just downloaded the new game Gem Excavator on his phone. In the first level, Simon gains points for each green gem he finds. However, he loses points for each red gem he finds. The table shows how the gems affect Simon's points. Which color gem affects Simon's points less?\nOptions:\n(A) green\n(B) red\nFirst generate a step-by-step solution, then answer with the option\u2019s letter from the given choices directly."}, {"from": "assistant", "value": "Solution:\n1. Green gem change: +25 points.\n2. Red gem change: -40 points.\n3. The absolute value of the point change for green is 25.\n4. The absolute value of the point change for red is 40.\n5. Since 25 is less than 40, the green gem affects Simon's points less.\nAnswer: A"}]}, {"image": "30014.png", "conversations": [{"from": "user", "value": "For an assignment, Linda looked at which countries got the most Nobel Prizes in various decades. How many more Nobel Prize winners did France have in the 1980s than in the 1970s? (Unit: Nobel Prize winners)\nFirst generate a step-by-step solution, then answer the question using a single word or phrase."}, {"from": "assistant", "value": "Solution:\n1. France had 3 Nobel Prize winners in the 1970s.\n2. France had 5 Nobel Prize winners in the 1980s.\n3. The difference is 5 - 3 = 2.\nAnswer: 2"}]}, {"image": "7612.png", "conversations": [{"from": "user", "value": "Look at the table. Then answer the question. At a price of $935, is there a shortage or a surplus?\nOptions:\n(A) shortage\n(B) surplus\nFirst generate a step-by-step solution, then answer with the option\u2019s letter from the given choices directly."}, {"from": "assistant", "value": "Solution:\n1. At a price of $935, the quantity demanded is 5,600.\n2. The quantity supplied at $935 is 6,700.\n3. Since the quantity supplied (6,700) is greater than the quantity demanded (5,600), there is a surplus.\n\nAnswer: B"}]}, {"image": "16451.png", "conversations": [{"from": "user", "value": "The houses in Rosa's town get their water from a local reservoir. Rosa and a group of engineers monitor the water level for safety and health reasons. The change in water level over two months is shown in the table. During which month did the water level change more?\nOptions:\n(A) April\n(B) May\nFirst generate a step-by-step solution, then answer with the option\u2019s letter from the given choices directly."}, {"from": "assistant", "value": "Solution:\n1. The change in water level for April is \\(-6\\) inches.\n2. The change in water level for May is \\(4\\) inches.\n3. The absolute value of the change in April is \\(6\\) inches.\n4. The absolute value of the change in May is \\(4\\) inches.\n5. The change in April (\\(6\\) inches) is greater than in May (\\(4\\) inches).\nAnswer: A"}]}, {"image": "38138.png", "conversations": [{"from": "user", "value": "The parks department compared how many soccer fields there are at each park. What is the range of the numbers?\nFirst generate a step-by-step solution, then answer the question using a single word or phrase."}, {"from": "assistant", "value": "Solution:\n1. Identify the number of soccer fields: 10, 3, 8, 8, 5, 2.\n2. Find the maximum value: 10.\n3. Find the minimum value: 2.\n4. Calculate the range: 10 - 2 = 8.\nAnswer: 8"}]}, {"image": "154.png", "conversations": [{"from": "user", "value": "Mrs. Hampton told students how many rounds to expect in the spelling bee based on previous years. According to the table, what was the rate of change between 2009 and 2010? (Unit: rounds per year)\nFirst generate a step-by-step solution, then answer the question using a single word or phrase."}, {"from": "assistant", "value": "Solution:\n1. Rounds in 2009: 19\n2. Rounds in 2010: 10\n3. Rate of change = Rounds in 2010 - Rounds in 2009 = 10 - 19 = -9\n4. The rate of change is -9 rounds per year.\nAnswer: -9"}]}, {"image": "20638.png", "conversations": [{"from": "user", "value": "Malia counted the pages in each book on her English class's required reading list. How many books had exactly 87 pages?\nFirst generate a step-by-step solution, then answer the question using a single word or phrase."}, {"from": "assistant", "value": "Solution:\n1. Locate the stem \"8\" for numbers in the 80s.\n2. Identify the leaves: 0, 1, 7, 7, 7, 8.\n3. Count the number of \"7\" leaves.\n4. There are three \"7\" leaves.\nAnswer: 3"}]}, {"image": "36066.png", "conversations": [{"from": "user", "value": "The parks department compared how many soccer fields there are at each park. What is the range of the numbers?\nFirst generate a step-by-step solution, then answer the question using a single word or phrase."}, {"from": "assistant", "value": "Solution:\n1. List the number of soccer fields: 5, 2, 3, 6, 1.\n2. Identify the maximum number: 6.\n3. Identify the minimum number: 1.\n4. Calculate the range: 6 - 1 = 5.\nAnswer: 5"}]}, {"image": "26798.png", "conversations": [{"from": "user", "value": "A curious student at Winchester High compared the amount of homework recently assigned by each of his teachers. How many minutes of homework did Mrs. Riley assign on Friday? (Unit: minutes)\nFirst generate a step-by-step solution, then answer the question using a single word or phrase."}, {"from": "assistant", "value": "Solution:\n1. Look at the row for Mrs. Riley.\n2. The column for Friday shows 10 minutes.\nAnswer: 10"}]}, {"image": "3881.png", "conversations": [{"from": "user", "value": "Each year, the campers at Preston's summer camp try to set that summer's record for finishing the obstacle course as quickly as possible. According to the table, what was the rate of change between 2006 and 2007? (Unit: minutes per year)\nFirst generate a step-by-step solution, then answer the question using a single word or phrase."}, {"from": "assistant", "value": "Solution:\n1. Record time in 2006: 23 minutes.\n2. Record time in 2007: 24 minutes.\n3. Rate of change = 24 - 23 = 1 minute per year.\nAnswer: 1"}]}, {"image": "16691.png", "conversations": [{"from": "user", "value": "Kathleen is looking at the price of new cell phones online. Her favorite company, OrangeTech, has a special this weekend. Kathleen can add an upgrade to a phone for an additional cost, or she can buy a used phone to get a discount. The change in price for each option is shown in the table. Which option results in a greater change in price?\nOptions:\n(A) adding an upgrade\n(B) buying a used phone\nFirst generate a step-by-step solution, then answer with the option\u2019s letter from the given choices directly."}, {"from": "assistant", "value": "Solution:\n1. Adding an upgrade increases the price by $60.\n2. Buying a used phone decreases the price by $75.\n3. The absolute value of the price change for adding an upgrade is $60.\n4. The absolute value of the price change for buying a used phone is $75.\n5. $75 is greater than $60.\nAnswer: B"}]}, {"image": "266.png", "conversations": [{"from": "user", "value": "Leon has $0.05. Does he have enough to buy a pink and white striped shell and a white spindle shell?\nOptions:\n(A) yes\n(B) no\nFirst generate a step-by-step solution, then answer with the option\u2019s letter from the given choices directly."}, {"from": "assistant", "value": "Solution:\n1. The cost of a pink and white striped shell is $0.02.\n2. The cost of a white spindle shell is $0.05.\n3. Total cost = $0.02 + $0.05 = $0.07.\n4. Leon has $0.05, which is less than $0.07.\nAnswer: B"}]}, {"image": "9899.png", "conversations": [{"from": "user", "value": "How much money does Alexandra need to buy a shaved ice cart and a popsicle stand? (Unit: $)\nFirst generate a step-by-step solution, then answer the question using a single word or phrase."}, {"from": "assistant", "value": "Solution:\n1. Cost of shaved ice cart: $5,973.00\n2. Cost of popsicle stand: $7,439.00\n3. Total cost = $5,973.00 + $7,439.00 = $13,412.00\nAnswer: $13,412.00"}]}, {"image": "17516.png", "conversations": [{"from": "user", "value": "Maura purchased 0.5 pounds of blood oranges. What was the total cost? (Unit: $)\nFirst generate a step-by-step solution, then answer the question using a single word or phrase."}, {"from": "assistant", "value": "Solution:\n1. Blood oranges cost $3 per pound.\n2. Maura purchased 0.5 pounds.\n3. Total cost = 0.5 pounds \u00d7 $3/pound = $1.50.\nAnswer: 1.50"}]}, {"image": "7063.png", "conversations": [{"from": "user", "value": "How much money does Cora need to buy 5 packages of dental floss and 7 sewing kits? (Unit: $)\nFirst generate a step-by-step solution, then answer the question using a single word or phrase."}, {"from": "assistant", "value": "Solution:\n1. Price of one package of dental floss: $0.91\n2. Price of one sewing kit: $0.92\n3. Cost for 5 packages of dental floss: \\(5 \\times 0.91 = 4.55\\)\n4. Cost for 7 sewing kits: \\(7 \\times 0.92 = 6.44\\)\n5. Total cost: \\(4.55 + 6.44 = 10.99\\)\nAnswer: 10.99"}]}, {"image": "26658.png", "conversations": [{"from": "user", "value": "This morning, Mr. Davis released the scores from last week's spelling test. How many students scored at least 70 points but fewer than 80 points? (Unit: students)\nFirst generate a step-by-step solution, then answer the question using a single word or phrase."}, {"from": "assistant", "value": "Solution:\n1. The scores between 70 and 79 are represented by the stem \"7\" with leaves \"6\" and \"7\".\n2. Count the leaves: there are 2 scores (76 and 77).\nAnswer: 2"}]}, {"image": "25474.png", "conversations": [{"from": "user", "value": "How much more does a peach pie cost than a key lime pie? (Unit: $)\nFirst generate a step-by-step solution, then answer the question using a single word or phrase."}, {"from": "assistant", "value": "Solution:\n1. The cost of a peach pie is $9.05.\n2. The cost of a key lime pie is $7.74.\n3. Subtract the cost of the key lime pie from the peach pie: $9.05 - $7.74 = $1.31.\nAnswer: $1.31"}]}, {"image": "25168.png", "conversations": [{"from": "user", "value": "The table shows a function. Is the function linear or nonlinear?\nOptions:\n(A) linear\n(B) nonlinear\nFirst generate a step-by-step solution, then answer with the option\u2019s letter from the given choices directly."}, {"from": "assistant", "value": "Solution:\n1. Calculate the differences in \\( y \\) values: \\( 8 - 0 = 8 \\) and \\( 11 - 8 = 3 \\).\n2. Calculate the differences in \\( x \\) values: \\( 18 - 17 = 1 \\) and \\( 19 - 18 = 1 \\).\n3. The rate of change is not constant (8 and 3).\n4. Therefore, the function is nonlinear.\nAnswer: B"}]}, {"image": "22191.png", "conversations": [{"from": "user", "value": "Chase has $125.00. Does he have enough to buy a soccer ticket and a baseball ticket?\nOptions:\n(A) yes\n(B) no\nFirst generate a step-by-step solution, then answer with the option\u2019s letter from the given choices directly."}, {"from": "assistant", "value": "Solution:\n1. Cost of a soccer ticket: $75.00\n2. Cost of a baseball ticket: $54.00\n3. Total cost: $75.00 + $54.00 = $129.00\n4. Chase has $125.00, which is less than $129.00.\nAnswer: B"}]}, {"image": "23698.png", "conversations": [{"from": "user", "value": "Each bunch has 10 balloons. How many balloons are in 6 bunches?\nFirst generate a step-by-step solution, then answer the question using a single word or phrase."}, {"from": "assistant", "value": "Solution:\n1. Each bunch contains 10 balloons.\n2. For 6 bunches, calculate 6 \u00d7 10 = 60.\nAnswer: 60"}]}, {"image": "19309.png", "conversations": [{"from": "user", "value": "Each plant has 10 tomatoes. How many tomatoes are on 6 plants?\nFirst generate a step-by-step solution, then answer the question using a single word or phrase."}, {"from": "assistant", "value": "Solution:\n1. Each plant has 10 tomatoes.\n2. For 6 plants: 6 \u00d7 10 = 60 tomatoes.\nAnswer: 60"}]}, {"image": "11640.png", "conversations": [{"from": "user", "value": "A magazine editor looked at his sales figures for the past 4 months. In which month were the most copies sold?\nOptions:\n(A) January\n(B) February\n(C) March\n(D) April\nFirst generate a step-by-step solution, then answer with the option\u2019s letter from the given choices directly."}, {"from": "assistant", "value": "Solution:\n1. January: 559 magazines\n2. February: 514 magazines\n3. March: 515 magazines\n4. April: 541 magazines\n5. The highest number is 559 in January.\n\nAnswer: A"}]}, {"image": "12441.png", "conversations": [{"from": "user", "value": "Each office has 2 lamps. How many lamps are in 5 offices?\nFirst generate a step-by-step solution, then answer the question using a single word or phrase."}, {"from": "assistant", "value": "Solution:\n1. Each office has 2 lamps.\n2. For 5 offices, calculate the total number of lamps: 5 offices \u00d7 2 lamps per office = 10 lamps.\nAnswer: 10"}]}, {"image": "12234.png", "conversations": [{"from": "user", "value": "Brian has $1.42. Does he have enough to buy an eraser and a box of staples?\nOptions:\n(A) yes\n(B) no\nFirst generate a step-by-step solution, then answer with the option\u2019s letter from the given choices directly."}, {"from": "assistant", "value": "Solution:\n1. Cost of eraser: $0.59\n2. Cost of box of staples: $0.90\n3. Total cost: $0.59 + $0.90 = $1.49\n4. Brian has $1.42, which is less than $1.49.\nAnswer: B"}]}, {"image": "28245.png", "conversations": [{"from": "user", "value": "Tammy buys 4 pounds of rigatoni pasta. What is the total cost? (Unit: $)\nFirst generate a step-by-step solution, then answer the question using a single word or phrase."}, {"from": "assistant", "value": "Solution:\n1. The cost of rigatoni pasta is $4 per pound.\n2. Tammy buys 4 pounds.\n3. Total cost = 4 pounds \u00d7 $4/pound = $16.\nAnswer: 16"}]}, {"image": "20446.png", "conversations": [{"from": "user", "value": "Dominic found out the sizes of all the clubs at his school. How many clubs have exactly 38 members? (Unit: clubs)\nFirst generate a step-by-step solution, then answer the question using a single word or phrase."}, {"from": "assistant", "value": "Solution:\n1. Locate the stem \"3\" and leaf \"8\" in the stem-and-leaf plot, which represents 38 members.\n2. There is one occurrence of \"8\" in the leaf for stem \"3.\"\n3. Therefore, there is 1 club with exactly 38 members.\nAnswer: 1"}]}, {"image": "5537.png", "conversations": [{"from": "user", "value": "Are there more girls in Mrs. White's class or in Mr. Gray's class?\nOptions:\n(A) Mrs. White\n(B) Mr. Gray\nFirst generate a step-by-step solution, then answer with the option\u2019s letter from the given choices directly."}, {"from": "assistant", "value": "Solution:\n1. Mrs. White's class has 18 girls.\n2. Mr. Gray's class has 15 girls.\n3. Compare the numbers: 18 (Mrs. White) is greater than 15 (Mr. Gray).\nAnswer: A"}]}, {"image": "11378.png", "conversations": [{"from": "user", "value": "For a psychology assignment, Patty kept a sleep log for 6 days. What is the range of the numbers?\nFirst generate a step-by-step solution, then answer the question using a single word or phrase."}, {"from": "assistant", "value": "Solution:\n1. List the hours slept: 12, 12, 12, 11, 8, 11.\n2. Identify the maximum value: 12.\n3. Identify the minimum value: 8.\n4. Calculate the range: 12 - 8 = 4.\nAnswer: 4"}]}, {"image": "28649.png", "conversations": [{"from": "user", "value": "The parks department compared how many basketball hoops there are at each park. What is the median of the numbers?\nFirst generate a step-by-step solution, then answer the question using a single word or phrase."}, {"from": "assistant", "value": "Solution:\n1. List the numbers in ascending order: 4, 5, 6, 6, 10.\n2. The third number is the median, which is 6.\nAnswer: 6"}]}, {"image": "91.png", "conversations": [{"from": "user", "value": "Some candy companies compared how many pieces of candy they have produced. Which company has produced the most candy?\nOptions:\n(A) Sugary Candies\n(B) Candy Incorporated\n(C) Goodman Candies\n(D) Tasty Treats\nFirst generate a step-by-step solution, then answer with the option\u2019s letter from the given choices directly."}, {"from": "assistant", "value": "Solution:\n1. Compare the number of pieces of candy produced by each company:\n   - Sugary Candies: 331\n   - Candy Incorporated: 369\n   - Goodman Candies: 393\n   - Tasty Treats: 396\n2. The highest number is 396, produced by Tasty Treats.\nAnswer: D"}]}, {"image": "7950.png", "conversations": [{"from": "user", "value": "Evelyn, a park ranger, recorded the number of each type of tree in the Madison County Park District. How many trees are there in Green Park? (Unit: trees)\nFirst generate a step-by-step solution, then answer the question using a single word or phrase."}, {"from": "assistant", "value": "Solution:\n1. In Green Park, there are 19 cherry trees and 6 apple trees.\n2. Total trees in Green Park = 19 + 6 = 25.\nAnswer: 25"}]}, {"image": "10608.png", "conversations": [{"from": "user", "value": "Look at the following schedule. Lee just missed the 1.00 P.M. train at Snowy Mountain. What time is the next train?\nOptions:\n(A) 4:30 A.M.\n(B) 2:30 A.M.\n(C) 4:00 P.M.\n(D) 12:00 A.M.\nFirst generate a step-by-step solution, then answer with the option\u2019s letter from the given choices directly."}, {"from": "assistant", "value": "Solution:\n1. The times listed for Snowy Mountain are 2:30 A.M., 4:30 A.M., 1:00 P.M., 4:00 P.M., and 12:00 A.M.\n2. Lee just missed the 1:00 P.M. train, the next train is at 4:00 P.M.\nAnswer: C"}]}, {"image": "7417.png", "conversations": [{"from": "user", "value": "The owner of an orchard kept records about how many apples were picked in the past 5 days. What is the mean of the numbers?\nFirst generate a step-by-step solution, then answer the question using a single word or phrase."}, {"from": "assistant", "value": "Solution:\n1. Add the numbers: 65 + 61 + 87 + 73 + 69 = 355.\n2. Divide the total by the number of days: 355 \u00f7 5 = 71.\nAnswer: 71"}]}, {"image": "964.png", "conversations": [{"from": "user", "value": "How much money does Brett need to buy 5 radio ads and a TV ad? (Unit: $)\nFirst generate a step-by-step solution, then answer the question using a single word or phrase."}, {"from": "assistant", "value": "Solution:\n1. Cost of one radio ad is $1,533.\n2. Cost of 5 radio ads is 5 \u00d7 $1,533 = $7,665.\n3. Cost of one TV ad is $7,538.\n4. Total cost is $7,665 (radio ads) + $7,538 (TV ad) = $15,203.\nAnswer: 15,203"}]}, {"image": "34839.png", "conversations": [{"from": "user", "value": "A Girl Scout troop recorded how many boxes of cookies they sold each day for a week. According to the table, what was the rate of change between Tuesday and Wednesday? (Unit: boxes per day)\nFirst generate a step-by-step solution, then answer the question using a single word or phrase."}, {"from": "assistant", "value": "Solution:\n1. Boxes sold on Tuesday: 25\n2. Boxes sold on Wednesday: 21\n3. Rate of change = Wednesday's sales - Tuesday's sales = 21 - 25 = -4\nAnswer: -4"}]}, {"image": "37987.png", "conversations": [{"from": "user", "value": "A researcher working for a cereal company surveyed people about their cereal consumption habits. How many people ate cereal more than 4 times?\nFirst generate a step-by-step solution, then answer the question using a single word or phrase."}, {"from": "assistant", "value": "Solution:\n1. Look at the frequencies for times eaten more than 4.\n2. The frequencies for 5 and 6 times eaten are 0 and 16, respectively.\n3. Add these frequencies: 0 + 16 = 16.\nAnswer: 16"}]}, {"image": "22848.png", "conversations": [{"from": "user", "value": "The soccer coach is preparing for the upcoming season by seeing how many goals his team members scored last season. How many team members scored at least 1 goal last season?\nFirst generate a step-by-step solution, then answer the question using a single word or phrase."}, {"from": "assistant", "value": "Solution:\n1. Identify the frequencies for goals scored: 1, 2, and 3 goals.\n2. Add the frequencies for these goals: 19 (1 goal) + 13 (2 goals) + 16 (3 goals).\n3. Total = 19 + 13 + 16 = 48.\nAnswer: 48"}]}, {"image": "34148.png", "conversations": [{"from": "user", "value": "A grocery store monitored how many paper bags were used in the past 3 days. How many more paper bags did the grocery store use on Saturday than on Friday? (Unit: paper bags)\nFirst generate a step-by-step solution, then answer the question using a single word or phrase."}, {"from": "assistant", "value": "Solution:\n1. Number of paper bags used on Saturday: 539.\n2. Number of paper bags used on Friday: 393.\n3. Difference: 539 - 393 = 146.\nAnswer: 146"}]}, {"image": "34323.png", "conversations": [{"from": "user", "value": "How much money does Nathan need to buy a photograph signed by a famous race car driver and a book signed by a famous author? (Unit: $)\nFirst generate a step-by-step solution, then answer the question using a single word or phrase."}, {"from": "assistant", "value": "Solution:\n1. Cost of the photograph: $1,619\n2. Cost of the book: $5,957\n3. Total cost: $1,619 + $5,957 = $7,576\nAnswer: $7,576"}]}, {"image": "35041.png", "conversations": [{"from": "user", "value": "How much money does Antonio need to buy a night's stay at Lakeview Hotel and a night's stay at Mahogany Lodge? (Unit: $)\nFirst generate a step-by-step solution, then answer the question using a single word or phrase."}, {"from": "assistant", "value": "Solution:\n1. Cost of a night's stay at Lakeview Hotel is $796.\n2. Cost of a night's stay at Mahogany Lodge is $197.\n3. Total cost is $796 + $197 = $993.\nAnswer: 993"}]}, {"image": "24814.png", "conversations": [{"from": "user", "value": "An economist tracked the amount of per-capita aid sent from the U.S. to various countries during the 1900s. How much aid did Libya receive per capita in 1975? (Unit: $)\nFirst generate a step-by-step solution, then answer the question using a single word or phrase."}, {"from": "assistant", "value": "Solution:\n1. Locate Libya in the table.\n2. Find the aid amount for the year 1975.\n3. The aid amount for Libya in 1975 is $2.\nAnswer: 2"}]}, {"image": "17676.png", "conversations": [{"from": "user", "value": "Students at Belmont High School were polled regarding their favorite drinks. What fraction of students preferred root beer? Simplify your answer.\nFirst generate a step-by-step solution, then answer the question using a single word or phrase."}, {"from": "assistant", "value": "Solution:\n1. Total number of students = 150 (Root beer) + 950 (Lemonade) + 900 (Fruit punch) + 530 (Other) = 2,530.\n2. Number of students who preferred root beer = 150.\n3. Fraction = 150 / 2,530.\n4. Simplify the fraction: 150 \u00f7 10 = 15, and 2,530 \u00f7 10 = 253.\n5. The simplified fraction is 15/253.\nAnswer: 15/253"}]}, {"image": "6440.png", "conversations": [{"from": "user", "value": "Lillian bought 1/10 of a pound of raspberry pancake mix. How much did she spend? (Unit: $)\nFirst generate a step-by-step solution, then answer the question using a single word or phrase."}, {"from": "assistant", "value": "Solution:\n1. The cost of raspberry pancake mix is $2 per pound.\n2. Lillian bought 1/10 of a pound.\n3. Calculate the cost: \\(2 \\times \\frac{1}{10} = 0.2\\).\nAnswer: 0.2"}]}, {"image": "17913.png", "conversations": [{"from": "user", "value": "Roy kept a driving log to see how many miles he drove each day. On which day did Roy drive the fewest miles?\nOptions:\n(A) Friday\n(B) Saturday\n(C) Sunday\n(D) Monday\nFirst generate a step-by-step solution, then answer with the option\u2019s letter from the given choices directly."}, {"from": "assistant", "value": "Solution:\n1. Review the miles driven each day: Friday - 61, Saturday - 63, Sunday - 69, Monday - 65.\n2. The fewest miles driven is 61 on Friday.\nAnswer: A"}]}, {"image": "13834.png", "conversations": [{"from": "user", "value": "For an assignment, Duncan looked at which countries got the most Nobel Prizes in various decades. Which country had more Nobel Prize winners in the 1970s, Japan or Russia?\nOptions:\n(A) Russia\n(B) Japan\nFirst generate a step-by-step solution, then answer with the option\u2019s letter from the given choices directly."}, {"from": "assistant", "value": "Solution:\n1. In the 1970s, Japan had 2 Nobel Prize winners.\n2. In the 1970s, Russia had 5 Nobel Prize winners.\n3. Compare the numbers: 5 (Russia) is greater than 2 (Japan).\nAnswer: A"}]}, {"image": "6827.png", "conversations": [{"from": "user", "value": "Each aquarium has 5 yellow fish. How many yellow fish are in 4 aquariums?\nFirst generate a step-by-step solution, then answer the question using a single word or phrase."}, {"from": "assistant", "value": "Solution:\n1. Each aquarium contains 5 yellow fish.\n2. For 4 aquariums, multiply 4 by 5.\n3. \\( 4 \\times 5 = 20 \\).\nAnswer: 20"}]}, {"image": "34476.png", "conversations": [{"from": "user", "value": "An agricultural agency is researching how much cheese people have been eating in different parts of the world. Which country consumed the most cheese per capita in 2006?\nOptions:\n(A) Austria\n(B) Canada\n(C) Great Britain\nFirst generate a step-by-step solution, then answer with the option\u2019s letter from the given choices directly."}, {"from": "assistant", "value": "Solution:\n1. Great Britain consumed 10 kg per capita in 2006.\n2. Austria consumed 17 kg per capita in 2006.\n3. Canada consumed 11 kg per capita in 2006.\n4. The highest consumption is by Austria with 17 kg.\nAnswer: A"}]}, {"image": "33264.png", "conversations": [{"from": "user", "value": "While hanging Christmas lights for neighbors, Sasha counted the number of broken lights on each string. What is the largest number of broken lights? (Unit: broken lights)\nFirst generate a step-by-step solution, then answer the question using a single word or phrase."}, {"from": "assistant", "value": "Solution:\n1. Identify the numbers from the stem-and-leaf plot:\n   - 28, 30, 49, 76, 77, 77\n2. The largest number is 77.\nAnswer: 77"}]}, {"image": "15087.png", "conversations": [{"from": "user", "value": "The manager of a party supply store researched how many balloons it sold in the past 7 days. What is the mode of the numbers?\nFirst generate a step-by-step solution, then answer the question using a single word or phrase."}, {"from": "assistant", "value": "Solution:\n1. List the numbers: 3, 4, 3, 6, 3, 4, 6.\n2. Count the frequency of each number:\n   - 3 appears 3 times.\n   - 4 appears 2 times.\n   - 6 appears 2 times.\n3. The number with the highest frequency is 3.\nAnswer: 3"}]}, {"image": "9776.png", "conversations": [{"from": "user", "value": "How much more does a rake cost than a mop? (Unit: $)\nFirst generate a step-by-step solution, then answer the question using a single word or phrase."}, {"from": "assistant", "value": "Solution:\n1. The cost of a rake is $24.00.\n2. The cost of a mop is $10.00.\n3. The difference in cost is $24.00 - $10.00 = $14.00.\nAnswer: $14.00"}]}, {"image": "2824.png", "conversations": [{"from": "user", "value": "How much money does Javier need to buy a baseball ticket and a basketball ticket? (Unit: $)\nFirst generate a step-by-step solution, then answer the question using a single word or phrase."}, {"from": "assistant", "value": "Solution:\n1. The price of a baseball ticket is $64.\n2. The price of a basketball ticket is $63.\n3. Total cost is $64 + $63 = $127.\nAnswer: 127"}]}, {"image": "3408.png", "conversations": [{"from": "user", "value": "Each pile has 2 plates. How many plates are in 4 piles?\nFirst generate a step-by-step solution, then answer the question using a single word or phrase."}, {"from": "assistant", "value": "Solution:\n1. Each pile has 2 plates.\n2. For 4 piles, calculate \\(4 \\times 2 = 8\\).\nAnswer: 8"}]}, {"image": "23453.png", "conversations": [{"from": "user", "value": "A real estate agent counted the number of offices per floor in the building she is selling. How many floors have at least 80 offices but fewer than 90 offices? (Unit: floors)\nFirst generate a step-by-step solution, then answer the question using a single word or phrase."}, {"from": "assistant", "value": "Solution:\n1. The stem \"8\" represents the tens digit, and the leaves represent the units digit.\n2. The numbers for the 80s are: 80, 80, 84, 84, 87, 89.\n3. Count the numbers: 80, 80, 84, 84, 87, 89. There are 6 numbers.\nAnswer: 6"}]}, {"image": "13102.png", "conversations": [{"from": "user", "value": "How much money does Troy need to buy 3 chameleons and 5 finches? (Unit: $)\nFirst generate a step-by-step solution, then answer the question using a single word or phrase."}, {"from": "assistant", "value": "Solution:\n1. The cost of one chameleon is $64.\n2. The cost of three chameleons is 3 \u00d7 $64 = $192.\n3. The cost of one finch is $57.\n4. The cost of five finches is 5 \u00d7 $57 = $285.\n5. Total cost for 3 chameleons and 5 finches is $192 + $285 = $477.\nAnswer: $477"}]}, {"image": "11210.png", "conversations": [{"from": "user", "value": "How much money does Carter need to buy a cello and a cornet? (Unit: $)\nFirst generate a step-by-step solution, then answer the question using a single word or phrase."}, {"from": "assistant", "value": "Solution:\n1. The price of the cello is $770.00.\n2. The price of the cornet is $464.00.\n3. Total cost = $770.00 + $464.00 = $1,234.00.\nAnswer: $1,234.00"}]}, {"image": "33127.png", "conversations": [{"from": "user", "value": "Kirk asked the students in his class about their favorite sports. He recorded the results in a frequency chart. How many students said their favorite sport is soccer or volleyball? (Unit: students)\nFirst generate a step-by-step solution, then answer the question using a single word or phrase."}, {"from": "assistant", "value": "Solution:\n1. The number of students who chose soccer is 10.\n2. The number of students who chose volleyball is 5.\n3. Therefore, the total number of students who chose soccer or volleyball is 10 + 5 = 15.\nAnswer: 15"}]}, {"image": "22015.png", "conversations": [{"from": "user", "value": "How much money does Marcy need to buy 4 English Bulldogs? (Unit: $)\nFirst generate a step-by-step solution, then answer the question using a single word or phrase."}, {"from": "assistant", "value": "Solution:\n1. The cost of one English Bulldog is $1,153.00.\n2. To find the cost of 4 English Bulldogs, multiply $1,153.00 by 4.\n3. $1,153.00 \u00d7 4 = $4,612.00.\nAnswer: $4,612.00"}]}, {"image": "27100.png", "conversations": [{"from": "user", "value": "At their family reunion, the Beck family recorded everyone's age. What is the age of the oldest person? (Unit: years old)\nFirst generate a step-by-step solution, then answer the question using a single word or phrase."}, {"from": "assistant", "value": "Solution:\n1. The stem-and-leaf plot shows the ages.\n2. The largest stem is 4, and the largest leaf in that row is 8.\n3. Therefore, the oldest person's age is 48 years old.\nAnswer: 48"}]}, {"image": "21016.png", "conversations": [{"from": "user", "value": "The table shows a function. Is the function linear or nonlinear?\nOptions:\n(A) linear\n(B) nonlinear\nFirst generate a step-by-step solution, then answer with the option\u2019s letter from the given choices directly."}, {"from": "assistant", "value": "Solution:\n1. Check the differences in the \\(y\\)-values: \n   - From 5 to 12: \\(12 - 5 = 7\\)\n   - From 12 to 19: \\(19 - 12 = 7\\)\n2. The differences are constant, indicating a constant rate of change.\n3. A constant rate of change means the function is linear.\nAnswer: A"}]}, {"image": "20762.png", "conversations": [{"from": "user", "value": "Look at this table. Is this relation a function?\nOptions:\n(A) yes\n(B) no\nFirst generate a step-by-step solution, then answer with the option\u2019s letter from the given choices directly."}, {"from": "assistant", "value": "Solution:\n1. A relation is a function if each input \\( x \\) corresponds to exactly one output \\( y \\).\n2. Check the \\( x \\)-values: 10, 1, 10.\n3. The \\( x \\)-value 10 corresponds to two different \\( y \\)-values (6 and 5).\n4. Therefore, this relation is not a function.\nAnswer: B"}]}, {"image": "22350.png", "conversations": [{"from": "user", "value": "Jason recalled how many goals he had made in soccer practice each day. What is the mode of the numbers?\nFirst generate a step-by-step solution, then answer the question using a single word or phrase."}, {"from": "assistant", "value": "Solution:\n1. List the number of goals: 9, 2, 2, 6, 6, 2.\n2. Identify the number that appears most frequently.\n3. The number 2 appears three times.\nAnswer: 2"}]}, {"image": "24997.png", "conversations": [{"from": "user", "value": "How much money does Leah need to buy an atlas and a scrapbook? (Unit: $)\nFirst generate a step-by-step solution, then answer the question using a single word or phrase."}, {"from": "assistant", "value": "Solution:\n1. The price of an atlas is $14.\n2. The price of a scrapbook is $17.\n3. Total cost is $14 + $17 = $31.\nAnswer: 31"}]}, {"image": "24631.png", "conversations": [{"from": "user", "value": "Kenny buys 2 pounds of white sand, 4 pounds of fine gravel, and 4 pounds of black sand. What is the total cost? (Unit: $)\nFirst generate a step-by-step solution, then answer the question using a single word or phrase."}, {"from": "assistant", "value": "Solution:\n1. White sand: 2 pounds \u00d7 $2/pound = $4\n2. Fine gravel: 4 pounds \u00d7 $4/pound = $16\n3. Black sand: 4 pounds \u00d7 $2/pound = $8\n4. Total cost: $4 + $16 + $8 = $28\nAnswer: 28"}]}, {"image": "36934.png", "conversations": [{"from": "user", "value": "How much money does Stanley need to buy a white note card and a piece of polka-dotted paper? (Unit: $)\nFirst generate a step-by-step solution, then answer the question using a single word or phrase."}, {"from": "assistant", "value": "Solution:\n1. The cost of a white note card is $0.01.\n2. The cost of a piece of polka-dotted paper is $0.05.\n3. Total cost = $0.01 + $0.05 = $0.06.\nAnswer: $0.06"}]}, {"image": "17837.png", "conversations": [{"from": "user", "value": "Mrs. Stafford told students how many rounds to expect in the spelling bee based on previous years. According to the table, what was the rate of change between 2012 and 2013? (Unit: rounds per year)\nFirst generate a step-by-step solution, then answer the question using a single word or phrase."}, {"from": "assistant", "value": "Solution:\n1. The number of rounds in 2012 was 5.\n2. The number of rounds in 2013 was 5.\n3. The rate of change is calculated as (Rounds in 2013 - Rounds in 2012) / (2013 - 2012).\n4. Rate of change = (5 - 5) / (2013 - 2012) = 0 / 1 = 0 rounds per year.\nAnswer: 0"}]}, {"image": "36521.png", "conversations": [{"from": "user", "value": "A publisher invited authors to write stories for a special anthology. How many authors wrote fewer than 3 stories?\nFirst generate a step-by-step solution, then answer the question using a single word or phrase."}, {"from": "assistant", "value": "Solution:\n1. Authors who wrote 1 story: 8\n2. Authors who wrote 2 stories: 9\n3. Total authors who wrote fewer than 3 stories: 8 + 9 = 17\nAnswer: 17"}]}, {"image": "16491.png", "conversations": [{"from": "user", "value": "A statistics lab required students to draw cards numbered between 1 and 6 and track the results. Which number was drawn the most times?\nFirst generate a step-by-step solution, then answer the question using a single word or phrase."}, {"from": "assistant", "value": "Solution:\n1. List the frequencies for each number:\n   - Number 1: 10 times\n   - Number 2: 7 times\n   - Number 3: 11 times\n   - Number 4: 17 times\n   - Number 5: 13 times\n   - Number 6: 3 times\n2. Identify the highest frequency: 17 times.\n3. The number drawn the most times is 4.\n\nAnswer: 4"}]}, {"image": "15132.png", "conversations": [{"from": "user", "value": "Gary wants to buy 1/2 of a pound of boysenberry jam. How much will he spend? (Unit: $)\nFirst generate a step-by-step solution, then answer the question using a single word or phrase."}, {"from": "assistant", "value": "Solution:\n1. The cost of boysenberry jam is $8 per pound.\n2. Gary wants to buy 1/2 pound.\n3. Calculate the cost: \\( 8 \\times \\frac{1}{2} = 4 \\).\nAnswer: 4"}]}, {"image": "20225.png", "conversations": [{"from": "user", "value": "The town council reported on how many stop signs there are on each street. What is the mode of the numbers?\nFirst generate a step-by-step solution, then answer the question using a single word or phrase."}, {"from": "assistant", "value": "Solution:\n1. List the numbers: 7, 4, 12, 2, 2, 12, 4, 2.\n2. Count the frequency of each number:\n   - 2 appears 3 times\n   - 4 appears 2 times\n   - 7 appears 1 time\n   - 12 appears 2 times\n3. The mode is the number that appears most frequently, which is 2.\nAnswer: 2"}]}, {"image": "10836.png", "conversations": [{"from": "user", "value": "Several families compared how many vegetables they ate in a year. Which family ate the most vegetables?\nOptions:\n(A) Yamazaki family\n(B) Grisham family\n(C) Fernandez family\n(D) Wensing family\nFirst generate a step-by-step solution, then answer with the option\u2019s letter from the given choices directly."}, {"from": "assistant", "value": "Solution:\n1. Yamazaki family ate 561 vegetables.\n2. Grisham family ate 538 vegetables.\n3. Fernandez family ate 559 vegetables.\n4. Wensing family ate 563 vegetables.\n5. The Wensing family ate the most vegetables with 563.\nAnswer: D"}]}, {"image": "31019.png", "conversations": [{"from": "user", "value": "A volunteer for the local running club counted the number of participants at each race. How many races had exactly 58 participants? (Unit: races)\nFirst generate a step-by-step solution, then answer the question using a single word or phrase."}, {"from": "assistant", "value": "Solution:\n1. Locate the stem \"5\" in the stem-and-leaf plot.\n2. The leaves for stem \"5\" are 8, 8, 8, 9, 9.\n3. Count the number of 8s: there are three 8s.\nAnswer: 3"}]}, {"image": "7611.png", "conversations": [{"from": "user", "value": "A hot dog stand kept track of the number of hot dogs sold each day. On which day did the stand sell the fewest hot dogs?\nOptions:\n(A) Friday\n(B) Saturday\n(C) Sunday\n(D) Monday\nFirst generate a step-by-step solution, then answer with the option\u2019s letter from the given choices directly."}, {"from": "assistant", "value": "Solution:\n1. Compare the number of hot dogs sold each day:\n   - Friday: 273\n   - Saturday: 237\n   - Sunday: 227\n   - Monday: 238\n2. The fewest hot dogs were sold on Sunday with 227.\nAnswer: C"}]}, {"image": "13308.png", "conversations": [{"from": "user", "value": "In science class, Karen is measuring the temperature of different chemical mixtures. The temperatures of two mixtures are shown in the table. Which mixture's temperature is closest to zero?\nOptions:\n(A) bromine mixture\n(B) acetone mixture\nFirst generate a step-by-step solution, then answer with the option\u2019s letter from the given choices directly."}, {"from": "assistant", "value": "Solution:\n1. The temperature of the bromine mixture is \\(-4^\\circ C\\).\n2. The temperature of the acetone mixture is \\(5^\\circ C\\).\n3. The absolute values are 4 and 5, respectively.\n4. The bromine mixture's temperature is closer to zero.\nAnswer: A"}]}, {"image": "20602.png", "conversations": [{"from": "user", "value": "Kyle graphed the amount of snow that fell in the last 6 days. What is the mean of the numbers?\nFirst generate a step-by-step solution, then answer the question using a single word or phrase."}, {"from": "assistant", "value": "Solution:\n1. Add the snowfall amounts: 2 + 0 + 2 + 2 + 3 + 3 = 12 inches.\n2. Count the number of days: 6 days.\n3. Divide the total snowfall by the number of days: 12 \u00f7 6 = 2 inches.\nAnswer: 2"}]}, {"image": "9310.png", "conversations": [{"from": "user", "value": "How much money does Rose need to buy a bottle of perfume and a package of dental floss? (Unit: $)\nFirst generate a step-by-step solution, then answer the question using a single word or phrase."}, {"from": "assistant", "value": "Solution:\n1. Cost of a bottle of perfume: $9.32\n2. Cost of a package of dental floss: $1.23\n3. Total cost: $9.32 + $1.23 = $10.55\nAnswer: $10.55"}]}, {"image": "26413.png", "conversations": [{"from": "user", "value": "Look at the following schedule. Which stop does the ferry depart from at 4.55 P.M.?\nOptions:\n(A) Seagull Port\n(B) Windy Sands\n(C) Sandy Shores\n(D) Bay Harbor\nFirst generate a step-by-step solution, then answer with the option\u2019s letter from the given choices directly."}, {"from": "assistant", "value": "Solution:\n1. Look at the departure times in the schedule.\n2. Identify the location with a departure time of 4:55 P.M.\n3. Windy Sands has a departure time of 4:55 P.M.\nAnswer: B"}]}, {"image": "4481.png", "conversations": [{"from": "user", "value": "Some companies compared how many phone calls they made. Which company made the most phone calls?\nOptions:\n(A) Henderson Co.\n(B) Melbourne Medical Devices\n(C) Reardon Corporation\n(D) Nature Now\nFirst generate a step-by-step solution, then answer with the option\u2019s letter from the given choices directly."}, {"from": "assistant", "value": "Solution:\n1. List the number of phone calls for each company:\n   - Henderson Co.: 997\n   - Melbourne Medical Devices: 911\n   - Reardon Corporation: 971\n   - Nature Now: 917\n2. Identify the highest number: 997 (Henderson Co.).\nAnswer: A"}]}, {"image": "10991.png", "conversations": [{"from": "user", "value": "Isaiah went to the store. He bought 2 kilograms of prosciutto. How much did he spend? (Unit: $)\nFirst generate a step-by-step solution, then answer the question using a single word or phrase."}, {"from": "assistant", "value": "Solution:\n1. The price of prosciutto is $3.28 per kilogram.\n2. Isaiah bought 2 kilograms.\n3. Total cost is 2 kg \u00d7 $3.28/kg = $6.56.\nAnswer: $6.56"}]}, {"image": "15688.png", "conversations": [{"from": "user", "value": "The table shows a function. Is the function linear or nonlinear?\nOptions:\n(A) linear\n(B) nonlinear\nFirst generate a step-by-step solution, then answer with the option\u2019s letter from the given choices directly."}, {"from": "assistant", "value": "Solution:\n1. Calculate the differences in \\( x \\): 8 - 7 = 1, 9 - 8 = 1.\n2. Calculate the differences in \\( y \\): 12 - 3 = 9, 13 - 12 = 1.\n3. The differences in \\( y \\) are not consistent for equal differences in \\( x \\).\n4. Since the rate of change is not constant, the function is nonlinear.\nAnswer: B"}]}, {"image": "34033.png", "conversations": [{"from": "user", "value": "Look at the following schedule. When does the Lightning versus Ducks game end?\nOptions:\n(A) 1:10 P.M.\n(B) 3:00 P.M.\n(C) 3:50 P.M.\n(D) 2:40 P.M.\nFirst generate a step-by-step solution, then answer with the option\u2019s letter from the given choices directly."}, {"from": "assistant", "value": "Solution:\n1. Locate the Lightning versus Ducks game in the schedule.\n2. The end time listed is 2:40 P.M.\nAnswer: D"}]}, {"image": "28136.png", "conversations": [{"from": "user", "value": "Annie buys 3 pounds of cashew butter and 5 pounds of walnut butter. What is the total cost? (Unit: $)\nFirst generate a step-by-step solution, then answer the question using a single word or phrase."}, {"from": "assistant", "value": "Solution:\n1. Cashew butter costs $7.77 per lb.\n2. 3 pounds of cashew butter: 3 \u00d7 $7.77 = $23.31\n3. Walnut butter costs $4.31 per lb.\n4. 5 pounds of walnut butter: 5 \u00d7 $4.31 = $21.55\n5. Total cost: $23.31 + $21.55 = $44.86\nAnswer: $44.86"}]}, {"image": "2108.png", "conversations": [{"from": "user", "value": "Kinsley counted the number of cookies eaten by each customer at last week's bake sale. How many customers ate exactly 1 cookie last week?\nFirst generate a step-by-step solution, then answer the question using a single word or phrase."}, {"from": "assistant", "value": "Solution:\n1. Look at the frequency for 1 cookie eaten.\n2. The frequency is 7.\nAnswer: 7"}]}, {"image": "25537.png", "conversations": [{"from": "user", "value": "To better understand library usage patterns, a librarian figured out how many books were checked out by some patrons last year. How many patrons checked out at least 3 books?\nFirst generate a step-by-step solution, then answer the question using a single word or phrase."}, {"from": "assistant", "value": "Solution:\n1. The frequency for 3 books checked out is 9.\n2. The frequency for 4 books checked out is 7.\n3. Total patrons who checked out at least 3 books: 9 + 7 = 16.\nAnswer: 16"}]}, {"image": "28428.png", "conversations": [{"from": "user", "value": "The table shows a function. Is the function linear or nonlinear?\nOptions:\n(A) linear\n(B) nonlinear\nFirst generate a step-by-step solution, then answer with the option\u2019s letter from the given choices directly."}, {"from": "assistant", "value": "Solution:\n1. Calculate the differences in \\( x \\): \\( 9 - 8 = 1 \\) and \\( 10 - 9 = 1 \\).\n2. Calculate the differences in \\( y \\): \\( 10 - 0 = 10 \\) and \\( 20 - 10 = 10 \\).\n3. The change in \\( y \\) per change in \\( x \\) is constant (10 for each increase of 1 in \\( x \\)).\n4. Since the rate of change is constant, the function is linear.\n\nAnswer: A"}]}, {"image": "9683.png", "conversations": [{"from": "user", "value": "How much money does Linda need to buy 2 hockey tickets? (Unit: $)\nFirst generate a step-by-step solution, then answer the question using a single word or phrase."}, {"from": "assistant", "value": "Solution:\n1. The cost of one hockey ticket is $95.16.\n2. To find the cost of two hockey tickets, multiply $95.16 by 2.\n3. $95.16 \u00d7 2 = $190.32.\nAnswer: $190.32"}]}, {"image": "14000.png", "conversations": [{"from": "user", "value": "A fan carefully recorded the number of goals and misses made by different soccer players. Did the right forward or the left midfielder have fewer misses?\nOptions:\n(A) left midfielder\n(B) right forward\nFirst generate a step-by-step solution, then answer with the option\u2019s letter from the given choices directly."}, {"from": "assistant", "value": "Solution:\n1. Right forward misses: 12\n2. Left midfielder misses: 7\n3. Compare the misses: 7 < 12\n4. The left midfielder has fewer misses.\nAnswer: A"}]}, {"image": "1621.png", "conversations": [{"from": "user", "value": "How much more does a pink striped glass bead cost than a long red bead? (Unit: $)\nFirst generate a step-by-step solution, then answer the question using a single word or phrase."}, {"from": "assistant", "value": "Solution:\n1. The cost of a pink striped glass bead is $0.07.\n2. The cost of a long red bead is $0.04.\n3. The difference in cost is $0.07 - $0.04 = $0.03.\nAnswer: $0.03"}]}, {"image": "25781.png", "conversations": [{"from": "user", "value": "The transportation company tracked the number of train tickets sold in the past 5 days. What is the median of the numbers?\nFirst generate a step-by-step solution, then answer the question using a single word or phrase."}, {"from": "assistant", "value": "Solution:\n1. List the numbers in ascending order: 34, 35, 37, 44, 51.\n2. The third number is the median, which is 37.\nAnswer: 37"}]}, {"image": "12052.png", "conversations": [{"from": "user", "value": "Lara has $31.00. Does she have enough to buy ravioli and baked chicken?\nOptions:\n(A) yes\n(B) no\nFirst generate a step-by-step solution, then answer with the option\u2019s letter from the given choices directly."}, {"from": "assistant", "value": "Solution:\n1. The price of ravioli is $13.00.\n2. The price of baked chicken is $17.00.\n3. Total cost for both is $13.00 + $17.00 = $30.00.\n4. Lara has $31.00, which is more than $30.00.\nAnswer: A"}]}, {"image": "30991.png", "conversations": [{"from": "user", "value": "Jayden bought 2.4 pounds of potatoes. How much did he spend? (Unit: $)\nFirst generate a step-by-step solution, then answer the question using a single word or phrase."}, {"from": "assistant", "value": "Solution:\n1. The price of potatoes is $1 per pound.\n2. Jayden bought 2.4 pounds.\n3. Total cost = 2.4 pounds \u00d7 $1/pound = $2.40.\nAnswer: 2.40"}]}, {"image": "35203.png", "conversations": [{"from": "user", "value": "A game show program recorded the scores of its contestants. How many contestants scored at least 6?\nFirst generate a step-by-step solution, then answer the question using a single word or phrase."}, {"from": "assistant", "value": "Solution:\n1. Scores of at least 6 include scores 6, 8, 9, and 10.\n2. Add the frequencies for these scores: 6 (20) + 8 (19) + 9 (4) + 10 (14).\n3. Total: 20 + 19 + 4 + 14 = 57.\nAnswer: 57"}]}, {"image": "17716.png", "conversations": [{"from": "user", "value": "Shannon has $1,544. Does she have enough to buy a Caribbean vacation package and a Hawaiian vacation package?\nOptions:\n(A) yes\n(B) no\nFirst generate a step-by-step solution, then answer with the option\u2019s letter from the given choices directly."}, {"from": "assistant", "value": "Solution:\n1. Caribbean vacation package costs $877.\n2. Hawaiian vacation package costs $664.\n3. Total cost for both packages is $877 + $664 = $1,541.\n4. Shannon has $1,544, which is more than $1,541.\nAnswer: A"}]}, {"image": "19340.png", "conversations": [{"from": "user", "value": "Last fall, Julia made donuts and apple fritters while working at a donut shop. Here are Julia's finances for the fall. What was Julia's net income last fall? (Unit: $)\nFirst generate a step-by-step solution, then answer the question using a single word or phrase."}, {"from": "assistant", "value": "Solution:\n1. Julia's earnings from the job were $7,028.\n2. Income tax and other payroll taxes amounted to $693.\n3. Net income is calculated as earnings minus taxes: $7,028 - $693 = $6,335.\nAnswer: $6,335"}]}, {"image": "31473.png", "conversations": [{"from": "user", "value": "Look at the table. Then answer the question. At a price of $1,410, is there a shortage or a surplus?\nOptions:\n(A) shortage\n(B) surplus\nFirst generate a step-by-step solution, then answer with the option\u2019s letter from the given choices directly."}, {"from": "assistant", "value": "Solution:\n1. At a price of $1,410, the quantity demanded is 16,600.\n2. The quantity supplied at this price is 11,000.\n3. Since quantity demanded (16,600) is greater than quantity supplied (11,000), there is a shortage.\nAnswer: A"}]}, {"image": "17202.png", "conversations": [{"from": "user", "value": "How much money does Connor need to buy 6 sets of dishes and 6 cookbooks? (Unit: $)\nFirst generate a step-by-step solution, then answer the question using a single word or phrase."}, {"from": "assistant", "value": "Solution:\n1. Price of one set of dishes: $74.36\n2. Price of one cookbook: $14.96\n3. Cost for 6 sets of dishes: 6 \u00d7 $74.36 = $446.16\n4. Cost for 6 cookbooks: 6 \u00d7 $14.96 = $89.76\n5. Total cost: $446.16 + $89.76 = $535.92\nAnswer: $535.92"}]}, {"image": "30673.png", "conversations": [{"from": "user", "value": "A machine dispensed red gumdrops into bags of various sizes. How many bags had at least 12 red gumdrops but less than 47 red gumdrops? (Unit: bags)\nFirst generate a step-by-step solution, then answer the question using a single word or phrase."}, {"from": "assistant", "value": "Solution:\n1. Convert the stem-and-leaf plot to individual numbers: 15, 25, 32, 34, 35, 35, 42.\n2. Count the numbers that are at least 12 and less than 47: 15, 25, 32, 34, 35, 35, 42.\n3. There are 7 numbers in this range.\nAnswer: 7"}]}, {"image": "26708.png", "conversations": [{"from": "user", "value": "As part of a statistics project, a math class weighed all the children who were willing to participate. What is the weight of the lightest child? (Unit: pounds)\nFirst generate a step-by-step solution, then answer the question using a single word or phrase."}, {"from": "assistant", "value": "Solution:\n1. The stem-and-leaf plot shows the weights.\n2. The smallest stem is 2, and the smallest leaf is 1.\n3. Therefore, the lightest weight is 21 pounds.\nAnswer: 21"}]}, {"image": "21501.png", "conversations": [{"from": "user", "value": "Several families compared how many vegetables they ate in a year. Which family ate the most vegetables?\nOptions:\n(A) Yumol family\n(B) Cartwright family\n(C) Wensing family\n(D) Pansari family\nFirst generate a step-by-step solution, then answer with the option\u2019s letter from the given choices directly."}, {"from": "assistant", "value": "Solution:\n1. Compare the numbers: Yumol family (782), Cartwright family (771), Wensing family (712), Pansari family (718).\n2. The highest number is 782.\n3. The Yumol family ate the most vegetables.\nAnswer: A"}]}, {"image": "37747.png", "conversations": [{"from": "user", "value": "Winston kept track of the number of characters in each book he read. How many books had at least 14 characters but fewer than 28 characters?\nFirst generate a step-by-step solution, then answer the question using a single word or phrase."}, {"from": "assistant", "value": "Solution:\n1. Interpret the stem-and-leaf plot:\n   - 10, 16, 19 (from stem 1)\n   - 20 (from stem 2)\n   - 30 (from stem 3)\n   - 46 (from stem 4)\n\n2. Identify books with at least 14 but fewer than 28 characters: 16, 19, 20.\n\n3. Count these books: There are 3 books.\n\nAnswer: 3"}]}, {"image": "30938.png", "conversations": [{"from": "user", "value": "A grocery store recorded how many customers visited the store each day. On which day did the grocery store have the fewest customers?\nOptions:\n(A) Monday\n(B) Tuesday\n(C) Wednesday\n(D) Thursday\nFirst generate a step-by-step solution, then answer with the option\u2019s letter from the given choices directly."}, {"from": "assistant", "value": "Solution:\n1. The number of customers on each day are:\n   - Monday: 21\n   - Tuesday: 26\n   - Wednesday: 23\n   - Thursday: 27\n2. The fewest number of customers is 21 on Monday.\nAnswer: A"}]}, {"image": "7885.png", "conversations": [{"from": "user", "value": "A marketing research firm asked people how many times they visited the mall last month. How many people are there in all?\nFirst generate a step-by-step solution, then answer the question using a single word or phrase."}, {"from": "assistant", "value": "Solution:\n1. Add the frequencies: 18 + 17 + 4 + 3 + 7 + 6 + 8.\n2. Calculate the total: 18 + 17 = 35, 35 + 4 = 39, 39 + 3 = 42, 42 + 7 = 49, 49 + 6 = 55, 55 + 8 = 63.\nAnswer: 63"}]}, {"image": "9196.png", "conversations": [{"from": "user", "value": "Look at the table. Then answer the question. At a price of $710, is there a shortage or a surplus?\nOptions:\n(A) shortage\n(B) surplus\nFirst generate a step-by-step solution, then answer with the option\u2019s letter from the given choices directly."}, {"from": "assistant", "value": "Solution:\n1. At a price of $710, the quantity demanded is 15,900 and the quantity supplied is 9,200.\n2. Since the quantity demanded (15,900) is greater than the quantity supplied (9,200), there is a shortage.\nAnswer: A"}]}, {"image": "1281.png", "conversations": [{"from": "user", "value": "A hardware store monitored how many hammers it sold in the past 4 days. On which day did the store sell the fewest hammers?\nOptions:\n(A) Sunday\n(B) Monday\n(C) Tuesday\n(D) Wednesday\nFirst generate a step-by-step solution, then answer with the option\u2019s letter from the given choices directly."}, {"from": "assistant", "value": "Solution:\n1. Compare the number of hammers sold each day: \n   - Sunday: 89\n   - Monday: 80\n   - Tuesday: 86\n   - Wednesday: 88\n2. The fewest hammers were sold on Monday with 80 hammers.\nAnswer: B"}]}, {"image": "14639.png", "conversations": [{"from": "user", "value": "Each branch has 10 lemons. How many lemons are on 6 branches? (Unit: lemons)\nFirst generate a step-by-step solution, then answer the question using a single word or phrase."}, {"from": "assistant", "value": "Solution:\n1. Each branch has 10 lemons.\n2. For 6 branches, calculate: 6 branches \u00d7 10 lemons/branch = 60 lemons.\nAnswer: 60 lemons"}]}, {"image": "36627.png", "conversations": [{"from": "user", "value": "Every year Belleville has a citywide relay and reports the winning times. According to the table, what was the rate of change between 2017 and 2018? (Unit: minutes per year)\nFirst generate a step-by-step solution, then answer the question using a single word or phrase."}, {"from": "assistant", "value": "Solution:\n1. The winning time in 2017 was 33 minutes.\n2. The winning time in 2018 was 39 minutes.\n3. The rate of change is calculated as the difference in times divided by the difference in years: \\((39 - 33) / (2018 - 2017) = 6 / 1 = 6\\).\nAnswer: 6"}]}, {"image": "15686.png", "conversations": [{"from": "user", "value": "Danville Elementary School polled its students about their favorite vegetables in order to decide which ones to plant in the new school garden. Which vegetable is least popular among lower elementary students?\nOptions:\n(A) turnips\n(B) peas\n(C) cabbage\nFirst generate a step-by-step solution, then answer with the option\u2019s letter from the given choices directly."}, {"from": "assistant", "value": "Solution:\n1. Look at the numbers for lower elementary students:\n   - Turnips: 9\n   - Cabbage: 5\n   - Peas: 15\n2. The smallest number is 5 for cabbage.\nAnswer: C"}]}, {"image": "17022.png", "conversations": [{"from": "user", "value": "How much money does Eli need to buy 4 scrapbooks? (Unit: $)\nFirst generate a step-by-step solution, then answer the question using a single word or phrase."}, {"from": "assistant", "value": "Solution:\n1. The cost of one scrapbook is $11.23.\n2. To find the cost of 4 scrapbooks, multiply $11.23 by 4.\n3. $11.23 \u00d7 4 = $44.92.\nAnswer: $44.92"}]}, {"image": "33811.png", "conversations": [{"from": "user", "value": "How much money does Darrell need to buy a casserole dish and a large plate? (Unit: $)\nFirst generate a step-by-step solution, then answer the question using a single word or phrase."}, {"from": "assistant", "value": "Solution:\n1. The price of a casserole dish is $7.00.\n2. The price of a large plate is $4.00.\n3. Total cost is $7.00 + $4.00 = $11.00.\nAnswer: $11.00"}]}, {"image": "10660.png", "conversations": [{"from": "user", "value": "For an economics project, Janet determined the cost of ferry rides for bicycles and cars. Of the ferries shown, which charges the least for a bicycle?\nOptions:\n(A) Mukilteu-Clinton\n(B) Fauntleroy-Vashon\n(C) Southport-Fort Fisher\n(D) Seattle-Bremerton\nFirst generate a step-by-step solution, then answer with the option\u2019s letter from the given choices directly."}, {"from": "assistant", "value": "Solution:\n1. List the bicycle fares for each ferry:\n   - Southport-Fort Fisher: $2\n   - Fauntleroy-Vashon: $5\n   - Ocracoke: $3\n   - Seattle-Bremerton: $8\n   - Mukilteu-Clinton: $5\n2. The least fare for a bicycle is $2.\n3. The ferry with this fare is Southport-Fort Fisher.\nAnswer: C"}]}, {"image": "23898.png", "conversations": [{"from": "user", "value": "The county released data about how many schools there are in each town. What is the median of the numbers?\nFirst generate a step-by-step solution, then answer the question using a single word or phrase."}, {"from": "assistant", "value": "Solution:\n1. List the numbers in ascending order: 3, 4, 8, 8, 10.\n2. The third number is the median, which is 8.\nAnswer: 8"}]}, {"image": "26595.png", "conversations": [{"from": "user", "value": "Some scooter companies compared how many scooters they sold. Which company sold the most scooters?\nOptions:\n(A) Let's Jet Scooters\n(B) Rocket Scooters\n(C) Go-Go Scooters\n(D) Scooter City\nFirst generate a step-by-step solution, then answer with the option\u2019s letter from the given choices directly."}, {"from": "assistant", "value": "Solution:\n1. List the number of scooters sold by each company:\n   - Let's Jet Scooters: 439\n   - Rocket Scooters: 423\n   - Go-Go Scooters: 421\n   - Scooter City: 442\n2. Compare the numbers to find the highest:\n   - The highest number is 442.\n3. Scooter City sold the most scooters.\nAnswer: D"}]}, {"image": "11967.png", "conversations": [{"from": "user", "value": "The county released data about how many schools there are in each town. What is the mean of the numbers?\nFirst generate a step-by-step solution, then answer the question using a single word or phrase."}, {"from": "assistant", "value": "Solution:\n1. List the numbers of schools: 5, 6, 6, 5, 8, 2, 10.\n2. Calculate the total: 5 + 6 + 6 + 5 + 8 + 2 + 10 = 42.\n3. Count the number of towns: 7.\n4. Calculate the mean: 42 \u00f7 7 = 6.\nAnswer: 6"}]}, {"image": "19383.png", "conversations": [{"from": "user", "value": "A baseball player paid attention to how many baseballs he hit in practice each day. On which day did he hit the most baseballs?\nOptions:\n(A) Monday\n(B) Tuesday\n(C) Wednesday\n(D) Thursday\nFirst generate a step-by-step solution, then answer with the option\u2019s letter from the given choices directly."}, {"from": "assistant", "value": "Solution:\n1. Compare the number of baseballs hit each day:\n   - Monday: 69\n   - Tuesday: 65\n   - Wednesday: 63\n   - Thursday: 60\n2. The highest number is 69, which occurred on Monday.\nAnswer: A"}]}, {"image": "23303.png", "conversations": [{"from": "user", "value": "Mr. Gupta, a track coach, recorded the sizes of all the nearby track teams. How many teams have exactly 87 members?\nFirst generate a step-by-step solution, then answer the question using a single word or phrase."}, {"from": "assistant", "value": "Solution:\n1. Look at the stem \"8\" for the tens digit.\n2. Check the leaf values for \"7\" as the units digit.\n3. The number \"87\" appears four times in the leaf.\nAnswer: 4"}]}, {"image": "12067.png", "conversations": [{"from": "user", "value": "Patty, an employee at McClain's Convenience Store, looked at the sales of each of its soda products. How much more did the convenience store make from Pearl's Soda sales on Friday than on Saturday? (Unit: $)\nFirst generate a step-by-step solution, then answer the question using a single word or phrase."}, {"from": "assistant", "value": "Solution:\n1. Pearl's Soda sales on Friday: $13\n2. Pearl's Soda sales on Saturday: $7\n3. Difference in sales: $13 - $7 = $6\nAnswer: 6"}]}, {"image": "19971.png", "conversations": [{"from": "user", "value": "Some teachers compared how many students are in their classes. What is the median of the numbers?\nFirst generate a step-by-step solution, then answer the question using a single word or phrase."}, {"from": "assistant", "value": "Solution:\n1. List the numbers in ascending order: 35, 35, 39, 39, 40.\n2. The third number is the median, which is 39.\nAnswer: 39"}]}, {"image": "5302.png", "conversations": [{"from": "user", "value": "Vincent has two dogs, Sprinkles and Champ. He is concerned because Sprinkles keeps eating Champ's food. Vincent asks their vet how much each dog's weight has changed since their last visit. Which dog's weight has changed the most?\nOptions:\n(A) Sprinkles\n(B) Champ\nFirst generate a step-by-step solution, then answer with the option\u2019s letter from the given choices directly."}, {"from": "assistant", "value": "Solution:\n1. Sprinkles' weight change is 5 oz.\n2. Champ's weight change is -6 oz.\n3. The absolute value of Sprinkles' weight change is 5.\n4. The absolute value of Champ's weight change is 6.\n5. Champ's weight change is greater in magnitude.\nAnswer: B"}]}, {"image": "8387.png", "conversations": [{"from": "user", "value": "How much money does Kimi need to buy a pillow and a flannel sheet? (Unit: $)\nFirst generate a step-by-step solution, then answer the question using a single word or phrase."}, {"from": "assistant", "value": "Solution:\n1. The cost of the pillow is $12.\n2. The cost of the flannel sheet is $23.\n3. Total cost = $12 + $23 = $35.\nAnswer: 35"}]}, {"image": "10162.png", "conversations": [{"from": "user", "value": "An adventure tour company found out how many whales people saw on its most popular whale tour. How many people saw fewer than 2 whales?\nFirst generate a step-by-step solution, then answer the question using a single word or phrase."}, {"from": "assistant", "value": "Solution:\n1. People who saw 0 whales: 15\n2. People who saw 1 whale: 6\n3. Total people who saw fewer than 2 whales: 15 + 6 = 21\nAnswer: 21"}]}, {"image": "5801.png", "conversations": [{"from": "user", "value": "Mabel kept track of the number of characters in each book she read. How many books had at least 20 characters but fewer than 50 characters? (Unit: books)\nFirst generate a step-by-step solution, then answer the question using a single word or phrase."}, {"from": "assistant", "value": "Solution:\n1. Identify the relevant stems and leaves:\n   - Stem 2: Leaves 4, 6, 6 (3 books)\n   - Stem 3: Leaves 1, 3, 4 (3 books)\n   - Stem 4: Leaves 0, 7, 7 (3 books)\n2. Count the total number of books: 3 + 3 + 3 = 9 books.\nAnswer: 9"}]}, {"image": "22731.png", "conversations": [{"from": "user", "value": "A philanthropic organization compared the amounts of money that its members donated to certain causes. How much more did Jordan donate to hunger prevention than to clean water? (Unit: $)\nFirst generate a step-by-step solution, then answer the question using a single word or phrase."}, {"from": "assistant", "value": "Solution:\n1. Jordan donated $17 to hunger prevention.\n2. Jordan donated $11 to clean water.\n3. The difference is $17 - $11 = $6.\nAnswer: $6"}]}, {"image": "23335.png", "conversations": [{"from": "user", "value": "Fans of the Sparrowtown baseball team compared the number of games won by their team each year. According to the table, what was the rate of change between 2012 and 2013? (Unit: games per year)\nFirst generate a step-by-step solution, then answer the question using a single word or phrase."}, {"from": "assistant", "value": "Solution:\n1. Games won in 2012: 20\n2. Games won in 2013: 19\n3. Rate of change = Games won in 2013 - Games won in 2012 = 19 - 20 = -1\nAnswer: -1"}]}, {"image": "33330.png", "conversations": [{"from": "user", "value": "The Ashland Middle School fundraising committee found out how many sweatshirts students already had, in order to decide whether to sell sweatshirts for a fundraiser. How many students have more than 3 sweatshirts?\nFirst generate a step-by-step solution, then answer the question using a single word or phrase."}, {"from": "assistant", "value": "Solution:\n1. Students with 4 sweatshirts: 5\n2. Students with 5 sweatshirts: 16\n3. Students with 6 sweatshirts: 3\n4. Total students with more than 3 sweatshirts: 5 + 16 + 3 = 24\nAnswer: 24"}]}, {"image": "35059.png", "conversations": [{"from": "user", "value": "Dave wrote down how many pages he read over the past 4 days. How many pages in total did Dave read on Sunday and Monday? (Unit: pages)\nFirst generate a step-by-step solution, then answer the question using a single word or phrase."}, {"from": "assistant", "value": "Solution:\n1. Sunday: 274 pages.\n2. Monday: 223 pages.\n3. Total pages read on Sunday and Monday: 274 + 223 = 497 pages.\nAnswer: 497"}]}, {"image": "37928.png", "conversations": [{"from": "user", "value": "Gabriel's classmates revealed how many science articles they read. How many more science articles did Gabriel read than Tess? (Unit: science articles)\nFirst generate a step-by-step solution, then answer the question using a single word or phrase."}, {"from": "assistant", "value": "Solution:\n1. Gabriel read 432 articles.\n2. Tess read 120 articles.\n3. Subtract Tess's total from Gabriel's: 432 - 120 = 312.\nAnswer: 312"}]}, {"image": "35471.png", "conversations": [{"from": "user", "value": "For a social studies project, Johnny counted the number of classrooms in each school in the city. What is the largest number of classrooms? (Unit: classrooms)\nFirst generate a step-by-step solution, then answer the question using a single word or phrase."}, {"from": "assistant", "value": "Solution:\n1. The stem-and-leaf plot shows the numbers: 57, 60, 61, 63, 66, 69, 74, 81, 82, 85, 87, 90.\n2. The largest number in the list is 90.\nAnswer: 90"}]}, {"image": "23791.png", "conversations": [{"from": "user", "value": "A pet store owner had his staff count the number of fish in each tank. What is the smallest number of fish per tank? (Unit: fish)\nFirst generate a step-by-step solution, then answer the question using a single word or phrase."}, {"from": "assistant", "value": "Solution:\n1. Look at the smallest stem, which is 3.\n2. Within the stem 3, the smallest leaf is 1.\n3. Therefore, the smallest number of fish per tank is 31.\nAnswer: 31"}]}, {"image": "8980.png", "conversations": [{"from": "user", "value": "How much money does Sophie need to buy a jet ski and a canoe? (Unit: $)\nFirst generate a step-by-step solution, then answer the question using a single word or phrase."}, {"from": "assistant", "value": "Solution:\n1. The cost of a jet ski is $6,600.\n2. The cost of a canoe is $3,819.\n3. Total cost = $6,600 + $3,819 = $10,419.\nAnswer: $10,419"}]}, {"image": "6106.png", "conversations": [{"from": "user", "value": "Chad has $1.50. Does he have enough to buy a cup of coffee and a muffin?\nOptions:\n(A) yes\n(B) no\nFirst generate a step-by-step solution, then answer with the option\u2019s letter from the given choices directly."}, {"from": "assistant", "value": "Solution:\n1. Price of a cup of coffee: $0.83\n2. Price of a muffin: $0.89\n3. Total cost: $0.83 + $0.89 = $1.72\n4. Chad has $1.50, which is less than $1.72.\nAnswer: B"}]}, {"image": "6352.png", "conversations": [{"from": "user", "value": "Some teachers compared how many years they have been teaching. What is the mean of the numbers?\nFirst generate a step-by-step solution, then answer the question using a single word or phrase."}, {"from": "assistant", "value": "Solution:\n1. List the numbers: 7, 1, 4, 3, 5, 10.\n2. Calculate the sum: 7 + 1 + 4 + 3 + 5 + 10 = 30.\n3. Divide by the number of values: 30 \u00f7 6 = 5.\nAnswer: 5"}]}, {"image": "27294.png", "conversations": [{"from": "user", "value": "Nora, a fantasy football fan, carefully studied the number of touchdowns completed by her favorite players last season. How many players scored fewer than 2 touchdowns last season?\nFirst generate a step-by-step solution, then answer the question using a single word or phrase."}, {"from": "assistant", "value": "Solution:\n1. Players who scored 0 touchdowns: 6 players.\n2. Players who scored 1 touchdown: 2 players.\n3. Total players who scored fewer than 2 touchdowns: 6 + 2 = 8 players.\nAnswer: 8"}]}, {"image": "12035.png", "conversations": [{"from": "user", "value": "A furniture store kept a record of how many couches it sold each day. On which day did the furniture store sell the most couches?\nOptions:\n(A) Saturday\n(B) Sunday\n(C) Monday\n(D) Tuesday\nFirst generate a step-by-step solution, then answer with the option\u2019s letter from the given choices directly."}, {"from": "assistant", "value": "Solution:\n1. Saturday: 17 couches\n2. Sunday: 16 couches\n3. Monday: 18 couches\n4. Tuesday: 19 couches\n5. The highest number is 19 couches on Tuesday.\nAnswer: D"}]}, {"image": "15442.png", "conversations": [{"from": "user", "value": "Julie asked 50 students in her school whether they do volunteer work. This table shows the results. How many more seventh graders than eighth graders did Julie survey?\nFirst generate a step-by-step solution, then answer the question using a single word or phrase."}, {"from": "assistant", "value": "Solution:\n1. Total seventh graders surveyed: 27\n2. Total eighth graders surveyed: 23\n3. Difference: 27 - 23 = 4\nAnswer: 4"}]}, {"image": "4981.png", "conversations": [{"from": "user", "value": "In a study on public parking, the director of transportation counted the number of cars in each of the city's parking lots. What is the largest number of cars? (Unit: cars)\nFirst generate a step-by-step solution, then answer the question using a single word or phrase."}, {"from": "assistant", "value": "Solution:\n1. The stem-and-leaf plot shows the largest stem as 9 and the corresponding leaf as 0.\n2. Therefore, the largest number of cars is 90.\n\nAnswer: 90"}]}, {"image": "24948.png", "conversations": [{"from": "user", "value": "Omar has $13,377.00. Does he have enough to buy a billboard ad and a magazine ad?\nOptions:\n(A) yes\n(B) no\nFirst generate a step-by-step solution, then answer with the option\u2019s letter from the given choices directly."}, {"from": "assistant", "value": "Solution:\n1. Cost of a billboard ad: $7,321.00\n2. Cost of a magazine ad: $5,581.00\n3. Total cost: $7,321.00 + $5,581.00 = $12,902.00\n4. Omar has $13,377.00, which is more than $12,902.00.\nAnswer: A"}]}, {"image": "23326.png", "conversations": [{"from": "user", "value": "A school administrator who was concerned about grade inflation looked over the number of straight-A students from year to year. According to the table, what was the rate of change between 2016 and 2017? (Unit: students per year)\nFirst generate a step-by-step solution, then answer the question using a single word or phrase."}, {"from": "assistant", "value": "Solution:\n1. In 2016, there were 26 students.\n2. In 2017, there were 29 students.\n3. The rate of change is 29 - 26 = 3 students per year.\nAnswer: 3"}]}, {"image": "37465.png", "conversations": [{"from": "user", "value": "Adam has $0.07. Does he have enough to buy a piece of licorice and a gumball?\nOptions:\n(A) yes\n(B) no\nFirst generate a step-by-step solution, then answer with the option\u2019s letter from the given choices directly."}, {"from": "assistant", "value": "Solution:\n1. The cost of a piece of licorice is $0.05.\n2. The cost of a gumball is $0.01.\n3. Total cost for both is $0.05 + $0.01 = $0.06.\n4. Adam has $0.07, which is more than $0.06.\nAnswer: A"}]}, {"image": "23873.png", "conversations": [{"from": "user", "value": "What is the total cost for 2 pounds of blue erasers ? (Unit: $)\nFirst generate a step-by-step solution, then answer the question using a single word or phrase."}, {"from": "assistant", "value": "Solution:\n1. The cost of blue erasers is $4 per pound.\n2. For 2 pounds, the cost is 2 pounds \u00d7 $4 per pound = $8.\nAnswer: 8"}]}, {"image": "2472.png", "conversations": [{"from": "user", "value": "If Mariana buys 4 kilograms of graduation confetti, how much will she spend? (Unit: $)\nFirst generate a step-by-step solution, then answer the question using a single word or phrase."}, {"from": "assistant", "value": "Solution:\n1. Graduation confetti costs $4.92 per kilogram.\n2. Mariana buys 4 kilograms.\n3. Total cost = 4 kg \u00d7 $4.92/kg = $19.68.\nAnswer: $19.68"}]}, {"image": "31450.png", "conversations": [{"from": "user", "value": "The train conductor made sure to count the number of passengers on each train. How many trains had fewer than 37 passengers? (Unit: trains)\nFirst generate a step-by-step solution, then answer the question using a single word or phrase."}, {"from": "assistant", "value": "Solution:\n1. The stem-and-leaf plot shows numbers: 31, 34, 34, 35, 38, 40, 41, 42, 45, 52, 57, 58, 59, 59, 62, 66, 67.\n2. Numbers fewer than 37 are: 31, 34, 34, 35.\n3. Count these numbers: 4.\nAnswer: 4"}]}, {"image": "25293.png", "conversations": [{"from": "user", "value": "Martha paid attention to how many flowers she planted in the garden during the past 4 days. On which day did Martha plant the fewest flowers?\nOptions:\n(A) Saturday\n(B) Sunday\n(C) Monday\n(D) Tuesday\nFirst generate a step-by-step solution, then answer with the option\u2019s letter from the given choices directly."}, {"from": "assistant", "value": "Solution:\n1. Number of flowers planted each day:\n   - Saturday: 46\n   - Sunday: 40\n   - Monday: 41\n   - Tuesday: 43\n2. The fewest flowers were planted on Sunday, with 40 flowers.\nAnswer: B"}]}, {"image": "17719.png", "conversations": [{"from": "user", "value": "An Idaho farmer has been monitoring crop prices over time. In 2005, which crop cost the least per cwt?\nOptions:\n(A) canola\n(B) apples\n(C) lentils\n(D) peas\nFirst generate a step-by-step solution, then answer with the option\u2019s letter from the given choices directly."}, {"from": "assistant", "value": "Solution:\n1. Compare the 2005 prices for each crop:\n   - Apples: $18\n   - Canola: $10\n   - Peas: $6\n   - Timothy seed: $7\n   - Lentils: $12\n2. The lowest price is $6 for peas.\n\nAnswer: D"}]}, {"image": "20535.png", "conversations": [{"from": "user", "value": "Jeffrey counted the number of cookies eaten by each customer at last week's bake sale. How many customers ate more than 2 cookies last week?\nFirst generate a step-by-step solution, then answer the question using a single word or phrase."}, {"from": "assistant", "value": "Solution:\n1. Customers who ate 3 cookies: 10.\n2. Customers who ate 4 cookies: 5.\n3. Total customers who ate more than 2 cookies: 10 + 5 = 15.\nAnswer: 15"}]}, {"image": "25484.png", "conversations": [{"from": "user", "value": "The state board of education compared how many students are in each school district. How many more students are there in the Township District than the City District? (Unit: students)\nFirst generate a step-by-step solution, then answer the question using a single word or phrase."}, {"from": "assistant", "value": "Solution:\n1. Township District has 8,147 students.\n2. City District has 5,921 students.\n3. Subtract the number of students in the City District from the Township District: 8,147 - 5,921 = 2,226.\nAnswer: 2,226"}]}, {"image": "9995.png", "conversations": [{"from": "user", "value": "A soccer coach asked the members of his team how many times they played soccer last week. How many people played soccer fewer than 2 times?\nFirst generate a step-by-step solution, then answer the question using a single word or phrase."}, {"from": "assistant", "value": "Solution:\n1. People who played 0 times: 6\n2. People who played 1 time: 8\n3. Total people who played fewer than 2 times: 6 + 8 = 14\nAnswer: 14"}]}, {"image": "6786.png", "conversations": [{"from": "user", "value": "A charity recorded how many donations it received each month. In which month did the charity receive the most donations?\nOptions:\n(A) December\n(B) January\n(C) February\n(D) March\nFirst generate a step-by-step solution, then answer with the option\u2019s letter from the given choices directly."}, {"from": "assistant", "value": "Solution:\n1. The number of donations for each month are:\n   - December: 952\n   - January: 921\n   - February: 992\n   - March: 951\n2. The highest number is 992 in February.\nAnswer: C"}]}, {"image": "21975.png", "conversations": [{"from": "user", "value": "Some friends compared the sizes of their sticker collections. Who has the fewest stickers?\nOptions:\n(A) Philip\n(B) Gina\n(C) Tristan\n(D) Sarah\nFirst generate a step-by-step solution, then answer with the option\u2019s letter from the given choices directly."}, {"from": "assistant", "value": "Solution:\n1. Compare the number of stickers: \n   - Philip: 517\n   - Gina: 571\n   - Tristan: 575\n   - Sarah: 551\n2. The smallest number is 517.\n3. Philip has the fewest stickers.\nAnswer: A"}]}, {"image": "34457.png", "conversations": [{"from": "user", "value": "The table shows a function. Is the function linear or nonlinear?\nOptions:\n(A) linear\n(B) nonlinear\nFirst generate a step-by-step solution, then answer with the option\u2019s letter from the given choices directly."}, {"from": "assistant", "value": "Solution:\n1. Calculate the differences in \\(x\\): \\(10 - 9 = 1\\) and \\(11 - 10 = 1\\).\n2. Calculate the differences in \\(y\\): \\(9 - 0 = 9\\) and \\(18 - 9 = 9\\).\n3. The change in \\(y\\) is consistent with the change in \\(x\\), indicating a constant rate of change.\n4. Therefore, the function is linear.\n\nAnswer: A"}]}, {"image": "14165.png", "conversations": [{"from": "user", "value": "Look at the table. Then answer the question. At a price of $1,235, is there a shortage or a surplus?\nOptions:\n(A) shortage\n(B) surplus\nFirst generate a step-by-step solution, then answer with the option\u2019s letter from the given choices directly."}, {"from": "assistant", "value": "Solution:\n1. At a price of $1,235, the quantity demanded is 8,600.\n2. The quantity supplied at this price is 12,700.\n3. Since the quantity supplied (12,700) is greater than the quantity demanded (8,600), there is a surplus.\nAnswer: B"}]}, {"image": "28283.png", "conversations": [{"from": "user", "value": "Mrs. Stevenson hosts an annual art contest for kids, and she keeps a record of the number of entries each year. According to the table, what was the rate of change between 2017 and 2018? (Unit: entries per year)\nFirst generate a step-by-step solution, then answer the question using a single word or phrase."}, {"from": "assistant", "value": "Solution:\n1. Number of entries in 2017: 50\n2. Number of entries in 2018: 31\n3. Rate of change = 31 - 50 = -19 entries per year\nAnswer: -19"}]}, {"image": "36691.png", "conversations": [{"from": "user", "value": "Peacock Paint Company just came out with a new shade of blue paint. They asked customers to vote for their favorite name. The votes were recorded in a frequency chart. How many more people voted for Berry Blast than Beach Waves? (Unit: more people)\nFirst generate a step-by-step solution, then answer the question using a single word or phrase."}, {"from": "assistant", "value": "Solution:\n1. Berry Blast received 67 votes.\n2. Beach Waves received 49 votes.\n3. The difference is 67 - 49 = 18.\nAnswer: 18"}]}, {"image": "23804.png", "conversations": [{"from": "user", "value": "How much would it cost to buy 2 pounds of cheddar and 5 pounds of Parmesan? (Unit: $)\nFirst generate a step-by-step solution, then answer the question using a single word or phrase."}, {"from": "assistant", "value": "Solution:\n1. Cheddar costs $4 per pound.\n2. Parmesan costs $7 per pound.\n3. Cost for 2 pounds of cheddar: 2 x $4 = $8.\n4. Cost for 5 pounds of Parmesan: 5 x $7 = $35.\n5. Total cost: $8 + $35 = $43.\nAnswer: $43"}]}, {"image": "4878.png", "conversations": [{"from": "user", "value": "Dirk kept track of how many kilometers he walked during the past 5 days. What is the range of the numbers?\nFirst generate a step-by-step solution, then answer the question using a single word or phrase."}, {"from": "assistant", "value": "Solution:\n1. List the kilometers: 0, 1, 4, 10, 10.\n2. The range is the difference between the highest and lowest numbers.\n3. Calculate: 10 - 0 = 10.\nAnswer: 10"}]}, {"image": "22363.png", "conversations": [{"from": "user", "value": "Luther is planning the music for his school's pep rally. He asked a group of seventh and eighth graders whether they prefer pop music or rock music. This table shows the results. How many more students prefer rock music than prefer pop music?\nFirst generate a step-by-step solution, then answer the question using a single word or phrase."}, {"from": "assistant", "value": "Solution:\n1. Total number of students who prefer rock music: 38.\n2. Total number of students who prefer pop music: 22.\n3. Difference: 38 - 22 = 16.\nAnswer: 16"}]}, {"image": "3106.png", "conversations": [{"from": "user", "value": "The table shows a function. Is the function linear or nonlinear?\nOptions:\n(A) linear\n(B) nonlinear\nFirst generate a step-by-step solution, then answer with the option\u2019s letter from the given choices directly."}, {"from": "assistant", "value": "Solution:\n1. Calculate the differences in \\( x \\): \\( 17 - 16 = 1 \\) and \\( 18 - 17 = 1 \\).\n2. Calculate the differences in \\( y \\): \\( 12 - 7 = 5 \\) and \\( 17 - 12 = 5 \\).\n3. The changes in \\( y \\) are consistent with the changes in \\( x \\), indicating a constant rate of change.\n4. Therefore, the function is linear.\n\nAnswer: A"}]}, {"image": "5289.png", "conversations": [{"from": "user", "value": "How much money does Brody need to buy 4 books of poems and 9 coloring books? (Unit: $)\nFirst generate a step-by-step solution, then answer the question using a single word or phrase."}, {"from": "assistant", "value": "Solution:\n1. Price of one book of poems: $9.85\n2. Price of one coloring book: $5.50\n3. Cost of 4 books of poems: 4 \u00d7 $9.85 = $39.40\n4. Cost of 9 coloring books: 9 \u00d7 $5.50 = $49.50\n5. Total cost: $39.40 + $49.50 = $88.90\nAnswer: $88.90"}]}, {"image": "34473.png", "conversations": [{"from": "user", "value": "During health class, the students reported the number of times they ate fast food last month. How many students ate fast food more than 1 time?\nFirst generate a step-by-step solution, then answer the question using a single word or phrase."}, {"from": "assistant", "value": "Solution:\n1. Identify frequencies for eating more than 1 time: 2 times (11 students), 3 times (4 students).\n2. Add these frequencies: 11 + 4 = 15.\nAnswer: 15"}]}, {"image": "15083.png", "conversations": [{"from": "user", "value": "For Earth Day, Fairfax High's environmental club tracked the number of seeds planted by its members. How many people did not plant any seeds?\nFirst generate a step-by-step solution, then answer the question using a single word or phrase."}, {"from": "assistant", "value": "Solution:\n1. The table shows that the frequency for 0 seeds planted is 16.\n2. Therefore, 16 people did not plant any seeds.\nAnswer: 16"}]}, {"image": "27119.png", "conversations": [{"from": "user", "value": "A front desk clerk looked up how many guests the hotel had each day. What is the range of the numbers?\nFirst generate a step-by-step solution, then answer the question using a single word or phrase."}, {"from": "assistant", "value": "Solution:\n1. Identify the smallest number of guests: 51 (Monday).\n2. Identify the largest number of guests: 96 (Sunday).\n3. Calculate the range: 96 - 51 = 45.\nAnswer: 45"}]}, {"image": "17407.png", "conversations": [{"from": "user", "value": "Kelly has $0.12. Does she have enough to buy an airplane stamp and a rose stamp?\nOptions:\n(A) yes\n(B) no\nFirst generate a step-by-step solution, then answer with the option\u2019s letter from the given choices directly."}, {"from": "assistant", "value": "Solution:\n1. The cost of an airplane stamp is $0.06.\n2. The cost of a rose stamp is $0.06.\n3. Total cost for both stamps is $0.06 + $0.06 = $0.12.\n4. Kelly has $0.12, which is exactly enough to buy both stamps.\nAnswer: A"}]}, {"image": "25955.png", "conversations": [{"from": "user", "value": "Look at the following schedule. Which stop does the train depart from at 12.35 P.M.?\nOptions:\n(A) Birch Street\n(B) Hill Boulevard\n(C) College Avenue\n(D) Franklin Boulevard\nFirst generate a step-by-step solution, then answer with the option\u2019s letter from the given choices directly."}, {"from": "assistant", "value": "Solution:\n1. Locate the time 12:35 P.M. in the schedule.\n2. The corresponding location for 12:35 P.M. is Birch Street.\nAnswer: A"}]}, {"image": "28666.png", "conversations": [{"from": "user", "value": "How much money does Lillian need to buy a fountain and a picnic table? (Unit: $)\nFirst generate a step-by-step solution, then answer the question using a single word or phrase."}, {"from": "assistant", "value": "Solution:\n1. The cost of the fountain is $263.00.\n2. The cost of the picnic table is $427.00.\n3. Add the two amounts: $263.00 + $427.00 = $690.00.\nAnswer: $690.00"}]}, {"image": "36224.png", "conversations": [{"from": "user", "value": "Each crate has 5 bags of rice. How many bags of rice are in 4 crates? (Unit: bags of rice)\nFirst generate a step-by-step solution, then answer the question using a single word or phrase."}, {"from": "assistant", "value": "Solution:\n1. Each crate contains 5 bags of rice.\n2. For 4 crates, calculate 4 \u00d7 5 = 20.\nAnswer: 20"}]}, {"image": "21193.png", "conversations": [{"from": "user", "value": "Look at the following schedule. Javier just missed the 12.15 P.M. train at the elementary school. What time is the next train?\nOptions:\n(A) 11:15 A.M.\n(B) 12:15 P.M.\n(C) 2:00 P.M.\n(D) 12:30 P.M.\nFirst generate a step-by-step solution, then answer with the option\u2019s letter from the given choices directly."}, {"from": "assistant", "value": "Solution:\n1. The times listed for the elementary school are 12:00 P.M., 12:15 P.M., 12:30 P.M., 1:00 P.M., and 1:15 P.M.\n2. Javier just missed the 12:15 P.M. train, so the next train is at 12:30 P.M.\nAnswer: D"}]}, {"image": "29975.png", "conversations": [{"from": "user", "value": "How much money does Carrie need to buy a dog leash, a hamster wheel, and a dog bowl? (Unit: $)\nFirst generate a step-by-step solution, then answer the question using a single word or phrase."}, {"from": "assistant", "value": "Solution:\n1. Dog leash costs $3.\n2. Hamster wheel costs $5.\n3. Dog bowl costs $1.\n4. Total cost = $3 + $5 + $1 = $9.\nAnswer: 9"}]}, {"image": "6486.png", "conversations": [{"from": "user", "value": "Anna went on a road trip and tracked her driving each day. On which day did Anna drive the fewest miles?\nOptions:\n(A) Sunday\n(B) Monday\n(C) Tuesday\n(D) Wednesday\nFirst generate a step-by-step solution, then answer with the option\u2019s letter from the given choices directly."}, {"from": "assistant", "value": "Solution:\n1. Sunday: 487 miles\n2. Monday: 474 miles\n3. Tuesday: 478 miles\n4. Wednesday: 441 miles\n5. The fewest miles driven is 441 on Wednesday.\nAnswer: D"}]}, {"image": "28637.png", "conversations": [{"from": "user", "value": "The table shows a function. Is the function linear or nonlinear?\nOptions:\n(A) linear\n(B) nonlinear\nFirst generate a step-by-step solution, then answer with the option\u2019s letter from the given choices directly."}, {"from": "assistant", "value": "Solution:\n1. Calculate the differences in \\( x \\): \\( 18 - 17 = 1 \\) and \\( 19 - 18 = 1 \\).\n2. Calculate the differences in \\( y \\): \\( 4 - 7 = -3 \\) and \\( 0 - 4 = -4 \\).\n3. The changes in \\( y \\) are not consistent when \\( x \\) changes by the same amount.\n4. Since the rate of change is not constant, the function is nonlinear.\n\nAnswer: B"}]}, {"image": "15344.png", "conversations": [{"from": "user", "value": "The table shows a function. Is the function linear or nonlinear?\nOptions:\n(A) linear\n(B) nonlinear\nFirst generate a step-by-step solution, then answer with the option\u2019s letter from the given choices directly."}, {"from": "assistant", "value": "Solution:\n1. Calculate the differences in \\( x \\): \\( 11 - 10 = 1 \\) and \\( 12 - 11 = 1 \\).\n2. Calculate the differences in \\( y \\): \\( 10 - 4 = 6 \\) and \\( 20 - 10 = 10 \\).\n3. The change in \\( y \\) is not consistent for the same change in \\( x \\).\n4. Since the rate of change is not constant, the function is nonlinear.\nAnswer: B"}]}, {"image": "4434.png", "conversations": [{"from": "user", "value": "The research department of a board game company surveyed some shoppers at a local mall. The team asked shoppers how often they read the newspaper, among other questions. Then the team played a memory card game with the shoppers. They recorded how many cards each shopper remembered. What is the probability that a randomly selected shopper remembered 1-3 cards and reads the newspaper 0 times a week? Simplify any fractions.\nFirst generate a step-by-step solution, then answer the question using a single word or phrase."}, {"from": "assistant", "value": "Solution:\n1. Total number of shoppers = 4 (1-3 cards, 0 times) + 1 (1-3 cards, 1-2 times) + 2 (4-6 cards, 0 times) + 5 (4-6 cards, 1-2 times) = 12.\n2. Number of shoppers who remembered 1-3 cards and read the newspaper 0 times a week = 4.\n3. Probability = 4 / 12 = 1 / 3.\nAnswer: 1/3"}]}, {"image": "26677.png", "conversations": [{"from": "user", "value": "The table shows a function. Is the function linear or nonlinear?\nOptions:\n(A) linear\n(B) nonlinear\nFirst generate a step-by-step solution, then answer with the option\u2019s letter from the given choices directly."}, {"from": "assistant", "value": "Solution:\n1. Calculate the differences in \\( x \\): \\( 6 - 5 = 1 \\) and \\( 7 - 6 = 1 \\).\n2. Calculate the differences in \\( y \\): \\( 4 - 5 = -1 \\) and \\( 3 - 4 = -1 \\).\n3. The change in \\( y \\) is consistent for each change in \\( x \\).\n4. Since the change in \\( y \\) is constant, the function is linear.\nAnswer: A"}]}, {"image": "36203.png", "conversations": [{"from": "user", "value": "Look at the table. Then answer the question. At a price of $1,075, is there a shortage or a surplus?\nOptions:\n(A) shortage\n(B) surplus\nFirst generate a step-by-step solution, then answer with the option\u2019s letter from the given choices directly."}, {"from": "assistant", "value": "Solution:\n1. At a price of $1,075, the quantity demanded is 1,400.\n2. The quantity supplied is 13,400.\n3. Since quantity supplied (13,400) is greater than quantity demanded (1,400), there is a surplus.\nAnswer: B"}]}, {"image": "33436.png", "conversations": [{"from": "user", "value": "Each roof has 2 seagulls. How many seagulls are on 4 roofs? (Unit: seagulls)\nFirst generate a step-by-step solution, then answer the question using a single word or phrase."}, {"from": "assistant", "value": "Solution:\n1. Each roof has 2 seagulls.\n2. For 4 roofs, multiply 4 by 2.\n3. \\(4 \\times 2 = 8\\) seagulls.\nAnswer: 8"}]}, {"image": "35343.png", "conversations": [{"from": "user", "value": "How much money does Pablo need to buy a centrifuge, a telescope, and a case of test tubes? (Unit: $)\nFirst generate a step-by-step solution, then answer the question using a single word or phrase."}, {"from": "assistant", "value": "Solution:\n1. Centrifuge costs $912.\n2. Telescope costs $410.\n3. Case of test tubes costs $173.\n4. Total cost is $912 + $410 + $173 = $1,495.\nAnswer: $1,495"}]}, {"image": "37522.png", "conversations": [{"from": "user", "value": "For a math assignment, Kira researched the scores of the people competing on her favorite quiz show. How many people scored at least 50 points but fewer than 80 points? (Unit: people)\nFirst generate a step-by-step solution, then answer the question using a single word or phrase."}, {"from": "assistant", "value": "Solution:\n1. Identify scores between 50 and 79.\n2. Scores in the 50s: 53, 54, 56, 56, 57, 58, 59 (7 scores).\n3. Scores in the 60s: 64, 64, 65, 68 (4 scores).\n4. Scores in the 70s: 71, 75, 77 (3 scores).\n5. Total scores between 50 and 79: 7 + 4 + 3 = 14.\nAnswer: 14"}]}, {"image": "10002.png", "conversations": [{"from": "user", "value": "Each gym locker has 2 sweatshirts. How many sweatshirts are in 4 gym lockers?\nFirst generate a step-by-step solution, then answer the question using a single word or phrase."}, {"from": "assistant", "value": "Solution:\n1. Each gym locker has 2 sweatshirts.\n2. For 4 gym lockers, calculate the total number of sweatshirts: 4 lockers \u00d7 2 sweatshirts per locker = 8 sweatshirts.\nAnswer: 8"}]}, {"image": "4110.png", "conversations": [{"from": "user", "value": "As part of a project for health class, Anne surveyed local delis about the kinds of sandwiches sold. Which shop sold the fewest sandwiches?\nOptions:\n(A) Joe's Diner\n(B) Sam's Sandwich Shop\n(C) Express Sandwiches\nFirst generate a step-by-step solution, then answer with the option\u2019s letter from the given choices directly."}, {"from": "assistant", "value": "Solution:\n1. Calculate total sandwiches for each shop:\n   - Joe's Diner: 6 (Roast beef) + 15 (Vegetarian) = 21\n   - Sam's Sandwich Shop: 7 (Roast beef) + 18 (Vegetarian) = 25\n   - Express Sandwiches: 1 (Roast beef) + 16 (Vegetarian) = 17\n2. The fewest sandwiches were sold by Express Sandwiches with 17 sandwiches.\n\nAnswer: C"}]}, {"image": "6447.png", "conversations": [{"from": "user", "value": "Ed has $126. Does he have enough to buy a baseball ticket and a tennis ticket?\nOptions:\n(A) yes\n(B) no\nFirst generate a step-by-step solution, then answer with the option\u2019s letter from the given choices directly."}, {"from": "assistant", "value": "Solution:\n1. Price of a baseball ticket is $53.\n2. Price of a tennis ticket is $70.\n3. Total cost for both tickets is $53 + $70 = $123.\n4. Ed has $126.\n5. Since $126 is greater than $123, Ed has enough money.\nAnswer: A"}]}, {"image": "11608.png", "conversations": [{"from": "user", "value": "Braden has $30.00. Does he have enough to buy a calculator and a radio?\nOptions:\n(A) yes\n(B) no\nFirst generate a step-by-step solution, then answer with the option\u2019s letter from the given choices directly."}, {"from": "assistant", "value": "Solution:\n1. The price of the calculator is $13.00.\n2. The price of the radio is $17.00.\n3. The total cost for both items is $13.00 + $17.00 = $30.00.\n4. Braden has $30.00, which is exactly the amount needed.\nAnswer: A"}]}, {"image": "7756.png", "conversations": [{"from": "user", "value": "A farmer recalled how many watermelons were harvested in the past 4 days. On which day were the fewest watermelons harvested?\nOptions:\n(A) Thursday\n(B) Friday\n(C) Saturday\n(D) Sunday\nFirst generate a step-by-step solution, then answer with the option\u2019s letter from the given choices directly."}, {"from": "assistant", "value": "Solution:\n1. Thursday: 945 watermelons\n2. Friday: 995 watermelons\n3. Saturday: 954 watermelons\n4. Sunday: 949 watermelons\n5. The fewest watermelons were harvested on Thursday (945).\n\nAnswer: A"}]}, {"image": "31585.png", "conversations": [{"from": "user", "value": "Each tool box has 10 tape measures. How many tape measures are in 5 tool boxes?\nFirst generate a step-by-step solution, then answer the question using a single word or phrase."}, {"from": "assistant", "value": "Solution:\n1. Each tool box has 10 tape measures.\n2. For 5 tool boxes, multiply 5 by 10.\n3. Calculate: 5 \u00d7 10 = 50.\nAnswer: 50"}]}, {"image": "23755.png", "conversations": [{"from": "user", "value": "How much money does Luther need to buy a purple bow, an orange ribbon, and a pair of googly eyes? (Unit: $)\nFirst generate a step-by-step solution, then answer the question using a single word or phrase."}, {"from": "assistant", "value": "Solution:\n1. Cost of purple bow: $0.01\n2. Cost of orange ribbon: $0.01\n3. Cost of pair of googly eyes: $0.05\n4. Total cost: $0.01 + $0.01 + $0.05 = $0.07\nAnswer: $0.07"}]}, {"image": "22029.png", "conversations": [{"from": "user", "value": "Mrs. Moreno hosts an annual art contest for kids, and she keeps a record of the number of entries each year. According to the table, what was the rate of change between 2014 and 2015? (Unit: entries per year)\nFirst generate a step-by-step solution, then answer the question using a single word or phrase."}, {"from": "assistant", "value": "Solution:\n1. Number of entries in 2014: 25\n2. Number of entries in 2015: 18\n3. Rate of change = 18 - 25 = -7 entries per year\nAnswer: -7"}]}, {"image": "14850.png", "conversations": [{"from": "user", "value": "In considering whether to open a new branch, the city council examined the number of times some typical residents went to the library last month. How many people went to the library more than 2 times last month?\nFirst generate a step-by-step solution, then answer the question using a single word or phrase."}, {"from": "assistant", "value": "Solution:\n1. Identify the frequencies for trips more than 2 times: 4 trips (4 people) and 5 trips (1 person).\n2. Add the frequencies: 4 + 1 = 5.\nAnswer: 5"}]}, {"image": "11590.png", "conversations": [{"from": "user", "value": "An Italian restaurant monitored the number of times its regular customers ate pizza last month. How many customers ate pizza more than 1 time?\nFirst generate a step-by-step solution, then answer the question using a single word or phrase."}, {"from": "assistant", "value": "Solution:\n1. Identify the frequencies for eating more than 1 time: 2 times, 3 times, and 4 times.\n2. Frequencies are 2 (for 2 times), 16 (for 3 times), and 17 (for 4 times).\n3. Add these frequencies: 2 + 16 + 17 = 35.\nAnswer: 35"}]}, {"image": "19678.png", "conversations": [{"from": "user", "value": "At Bloomington Consulting, the head of human resources examined how the number of employees with health care benefits varied in response to policy changes. According to the table, what was the rate of change between 2011 and 2012? (Unit: employees per year)\nFirst generate a step-by-step solution, then answer the question using a single word or phrase."}, {"from": "assistant", "value": "Solution:\n1. Number of employees in 2011: 9\n2. Number of employees in 2012: 20\n3. Rate of change = (20 - 9) / (2012 - 2011) = 11 employees per year\nAnswer: 11"}]}, {"image": "35579.png", "conversations": [{"from": "user", "value": "Mrs. Singleton told students how many rounds to expect in the spelling bee based on previous years. According to the table, what was the rate of change between 2010 and 2011? (Unit: rounds per year)\nFirst generate a step-by-step solution, then answer the question using a single word or phrase."}, {"from": "assistant", "value": "Solution:\n1. In 2010, there were 13 rounds.\n2. In 2011, there were 15 rounds.\n3. The rate of change is calculated as the difference in rounds divided by the difference in years: \\(15 - 13 = 2\\) rounds.\n4. The time difference is 1 year.\n5. Therefore, the rate of change is \\(2\\) rounds per year.\nAnswer: 2"}]}, {"image": "17088.png", "conversations": [{"from": "user", "value": "Mary buys 1 pound of star washers. How much does she spend? (Unit: $)\nFirst generate a step-by-step solution, then answer the question using a single word or phrase."}, {"from": "assistant", "value": "Solution:\n1. The cost of star washers is $7.80 per pound.\n2. Mary buys 1 pound, so she spends $7.80.\nAnswer: 7.80"}]}, {"image": "35305.png", "conversations": [{"from": "user", "value": "How much money does Suzie need to buy a ham and cheese omelette, an egg sandwich, and a breakfast burrito? (Unit: $)\nFirst generate a step-by-step solution, then answer the question using a single word or phrase."}, {"from": "assistant", "value": "Solution:\n1. The cost of a ham and cheese omelette is $9.00.\n2. The cost of an egg sandwich is $7.00.\n3. The cost of a breakfast burrito is $4.00.\n4. Total cost = $9.00 + $7.00 + $4.00 = $20.00.\nAnswer: $20.00"}]}, {"image": "13128.png", "conversations": [{"from": "user", "value": "How much more does a laboratory freezer cost than a pipette? (Unit: $)\nFirst generate a step-by-step solution, then answer the question using a single word or phrase."}, {"from": "assistant", "value": "Solution:\n1. The cost of a laboratory freezer is $882.\n2. The cost of a pipette is $374.\n3. The difference is $882 - $374 = $508.\nAnswer: 508"}]}, {"image": "27083.png", "conversations": [{"from": "user", "value": "A food manufacturer surveyed consumers about their macaroni and cheese consumption. How many people did not eat macaroni and cheese last month?\nFirst generate a step-by-step solution, then answer the question using a single word or phrase."}, {"from": "assistant", "value": "Solution:\n1. The frequency for \"0 times eaten\" is 18.\n2. Therefore, 18 people did not eat macaroni and cheese last month.\nAnswer: 18"}]}, {"image": "12667.png", "conversations": [{"from": "user", "value": "Look at the table. Then answer the question. At a price of $170, is there a shortage or a surplus?\nOptions:\n(A) shortage\n(B) surplus\nFirst generate a step-by-step solution, then answer with the option\u2019s letter from the given choices directly."}, {"from": "assistant", "value": "Solution:\n1. At a price of $170, the quantity demanded is 15,300.\n2. The quantity supplied is 4,800.\n3. Since quantity demanded (15,300) is greater than quantity supplied (4,800), there is a shortage.\nAnswer: A"}]}, {"image": "12018.png", "conversations": [{"from": "user", "value": "The table shows a function. Is the function linear or nonlinear?\nOptions:\n(A) linear\n(B) nonlinear\nFirst generate a step-by-step solution, then answer with the option\u2019s letter from the given choices directly."}, {"from": "assistant", "value": "Solution:\n1. Calculate the differences in \\( x \\): 12 - 11 = 1, 13 - 12 = 1.\n2. Calculate the differences in \\( y \\): 10 - 9 = 1, 19 - 10 = 9.\n3. The differences in \\( y \\) are not consistent, so the function is not linear.\nAnswer: B"}]}, {"image": "874.png", "conversations": [{"from": "user", "value": "Look at the table. Then answer the question. At a price of $1,375, is there a shortage or a surplus?\nOptions:\n(A) shortage\n(B) surplus\nFirst generate a step-by-step solution, then answer with the option\u2019s letter from the given choices directly."}, {"from": "assistant", "value": "Solution:\n1. At a price of $1,375:\n   - Quantity demanded = 7,300\n   - Quantity supplied = 15,500\n2. Since the quantity supplied (15,500) is greater than the quantity demanded (7,300), there is a surplus.\n\nAnswer: B"}]}, {"image": "28944.png", "conversations": [{"from": "user", "value": "The table shows a function. Is the function linear or nonlinear?\nOptions:\n(A) linear\n(B) nonlinear\nFirst generate a step-by-step solution, then answer with the option\u2019s letter from the given choices directly."}, {"from": "assistant", "value": "Solution:\n1. Calculate the differences in \\( y \\) values: \n   - From 3 to 11: \\( 11 - 3 = 8 \\)\n   - From 11 to 12: \\( 12 - 11 = 1 \\)\n2. Calculate the differences in \\( x \\) values:\n   - From 1 to 2: \\( 2 - 1 = 1 \\)\n   - From 2 to 3: \\( 3 - 2 = 1 \\)\n3. The change in \\( y \\) values is not consistent (8 and 1) for equal changes in \\( x \\) values.\n4. Therefore, the function is nonlinear.\n\nAnswer: B"}]}, {"image": "25248.png", "conversations": [{"from": "user", "value": "Each office has 2 rulers. How many rulers are in 5 offices?\nFirst generate a step-by-step solution, then answer the question using a single word or phrase."}, {"from": "assistant", "value": "Solution:\n1. Each office has 2 rulers.\n2. For 5 offices: 5 offices \u00d7 2 rulers per office = 10 rulers.\nAnswer: 10"}]}, {"image": "8303.png", "conversations": [{"from": "user", "value": "The transportation company tracked the number of train tickets sold in the past 4 days. On which day were the most train tickets sold?\nOptions:\n(A) Saturday\n(B) Sunday\n(C) Monday\n(D) Tuesday\nFirst generate a step-by-step solution, then answer with the option\u2019s letter from the given choices directly."}, {"from": "assistant", "value": "Solution:\n1. Saturday: 995 tickets\n2. Sunday: 958 tickets\n3. Monday: 985 tickets\n4. Tuesday: 989 tickets\n5. The highest number is 995 on Saturday.\n\nAnswer: A"}]}, {"image": "15692.png", "conversations": [{"from": "user", "value": "Miss Shen ran a sit-up competition among her P.E. students and monitored how many sit-ups each students could do. What is the smallest number of sit-ups done? (Unit: sit-ups)\nFirst generate a step-by-step solution, then answer the question using a single word or phrase."}, {"from": "assistant", "value": "Solution:\n1. Look at the stem-and-leaf plot.\n2. The smallest leaf under the stem \"0\" is 2.\n3. Therefore, the smallest number of sit-ups is 2.\nAnswer: 2"}]}, {"image": "13846.png", "conversations": [{"from": "user", "value": "A girl compared the ages of her cousins. What is the mean of the numbers?\nFirst generate a step-by-step solution, then answer the question using a single word or phrase."}, {"from": "assistant", "value": "Solution:\n1. List the ages: 6, 3, 1, 2, 3.\n2. Calculate the sum: 6 + 3 + 1 + 2 + 3 = 15.\n3. Divide by the number of cousins: 15 \u00f7 5 = 3.\nAnswer: 3"}]}, {"image": "2003.png", "conversations": [{"from": "user", "value": "A publisher invited authors to write stories for a special anthology. How many authors wrote more than 2 stories?\nFirst generate a step-by-step solution, then answer the question using a single word or phrase."}, {"from": "assistant", "value": "Solution:\n1. Authors who wrote more than 2 stories wrote either 3, 4, or 5 stories.\n2. The frequency for 3 stories is 15.\n3. The frequency for 4 stories is 1.\n4. The frequency for 5 stories is 10.\n5. Total authors who wrote more than 2 stories = 15 + 1 + 10 = 26.\nAnswer: 26"}]}, {"image": "7194.png", "conversations": [{"from": "user", "value": "For a psychology assignment, Stefan kept a sleep log for 5 days. What is the mean of the numbers?\nFirst generate a step-by-step solution, then answer the question using a single word or phrase."}, {"from": "assistant", "value": "Solution:\n1. Add the numbers: 6 + 9 + 9 + 9 + 7 = 40.\n2. Divide by the number of days: 40 \u00f7 5 = 8.\nAnswer: 8"}]}]